%YAML 1.1
%TAG !u! tag:unity3d.com,2011:
--- !u!1 &245332213997951994
GameObject:
  m_ObjectHideFlags: 0
  m_CorrespondingSourceObject: {fileID: 0}
  m_PrefabInstance: {fileID: 0}
  m_PrefabAsset: {fileID: 0}
  serializedVersion: 6
  m_Component:
  - component: {fileID: 6904477472830852889}
  m_Layer: 0
  m_Name: LeftSpawnPoint
  m_TagString: Untagged
  m_Icon: {fileID: 0}
  m_NavMeshLayer: 0
  m_StaticEditorFlags: 0
  m_IsActive: 1
--- !u!4 &6904477472830852889
Transform:
  m_ObjectHideFlags: 0
  m_CorrespondingSourceObject: {fileID: 0}
  m_PrefabInstance: {fileID: 0}
  m_PrefabAsset: {fileID: 0}
  m_GameObject: {fileID: 245332213997951994}
  m_LocalRotation: {x: -0, y: -0, z: -0, w: 1}
  m_LocalPosition: {x: -17.94, y: 0, z: 0}
  m_LocalScale: {x: 1, y: 1, z: 1}
  m_Children: []
  m_Father: {fileID: 607525736030718589}
  m_RootOrder: 3
  m_LocalEulerAnglesHint: {x: 0, y: 0, z: 0}
--- !u!1 &327649069598883875
GameObject:
  m_ObjectHideFlags: 0
  m_CorrespondingSourceObject: {fileID: 0}
  m_PrefabInstance: {fileID: 0}
  m_PrefabAsset: {fileID: 0}
  serializedVersion: 6
  m_Component:
  - component: {fileID: 7190829156726557605}
  m_Layer: 0
  m_Name: CenterPoint
  m_TagString: Untagged
  m_Icon: {fileID: 0}
  m_NavMeshLayer: 0
  m_StaticEditorFlags: 0
  m_IsActive: 1
--- !u!4 &7190829156726557605
Transform:
  m_ObjectHideFlags: 0
  m_CorrespondingSourceObject: {fileID: 0}
  m_PrefabInstance: {fileID: 0}
  m_PrefabAsset: {fileID: 0}
  m_GameObject: {fileID: 327649069598883875}
  m_LocalRotation: {x: -0, y: -0, z: -0, w: 1}
  m_LocalPosition: {x: 0, y: 0, z: 0}
  m_LocalScale: {x: 1, y: 1, z: 1}
  m_Children: []
  m_Father: {fileID: 971251842940069439}
  m_RootOrder: 5
  m_LocalEulerAnglesHint: {x: 0, y: 0, z: 0}
--- !u!1 &331647726045226490
GameObject:
  m_ObjectHideFlags: 0
  m_CorrespondingSourceObject: {fileID: 0}
  m_PrefabInstance: {fileID: 0}
  m_PrefabAsset: {fileID: 0}
  serializedVersion: 6
  m_Component:
  - component: {fileID: 8655460251429111447}
  m_Layer: 0
  m_Name: Buttons
  m_TagString: Untagged
  m_Icon: {fileID: 0}
  m_NavMeshLayer: 0
  m_StaticEditorFlags: 0
  m_IsActive: 1
--- !u!4 &8655460251429111447
Transform:
  m_ObjectHideFlags: 0
  m_CorrespondingSourceObject: {fileID: 0}
  m_PrefabInstance: {fileID: 0}
  m_PrefabAsset: {fileID: 0}
  m_GameObject: {fileID: 331647726045226490}
  m_LocalRotation: {x: 0, y: 0, z: 0, w: 1}
  m_LocalPosition: {x: 0, y: 0, z: 0}
  m_LocalScale: {x: 1, y: 1, z: 1}
  m_Children:
  - {fileID: 8126198980676585498}
  - {fileID: 7212314758168866903}
  - {fileID: 2679630979394283765}
  - {fileID: 7360934080686237342}
  m_Father: {fileID: 971251842940069439}
  m_RootOrder: 3
  m_LocalEulerAnglesHint: {x: 0, y: 0, z: 0}
--- !u!1 &754432153047642294
GameObject:
  m_ObjectHideFlags: 0
  m_CorrespondingSourceObject: {fileID: 0}
  m_PrefabInstance: {fileID: 0}
  m_PrefabAsset: {fileID: 0}
  serializedVersion: 6
  m_Component:
  - component: {fileID: 5702672280232640874}
  - component: {fileID: 4993358144408386777}
  - component: {fileID: 1261369524433873709}
  m_Layer: 0
  m_Name: Text (TMP)
  m_TagString: Untagged
  m_Icon: {fileID: 0}
  m_NavMeshLayer: 0
  m_StaticEditorFlags: 0
  m_IsActive: 1
--- !u!224 &5702672280232640874
RectTransform:
  m_ObjectHideFlags: 0
  m_CorrespondingSourceObject: {fileID: 0}
  m_PrefabInstance: {fileID: 0}
  m_PrefabAsset: {fileID: 0}
  m_GameObject: {fileID: 754432153047642294}
  m_LocalRotation: {x: -0, y: -0, z: -0, w: 1}
  m_LocalPosition: {x: 0, y: 0, z: 0}
  m_LocalScale: {x: 1, y: 1, z: 1}
  m_Children: []
  m_Father: {fileID: 8602269691593945287}
  m_RootOrder: 0
  m_LocalEulerAnglesHint: {x: 0, y: 0, z: 0}
  m_AnchorMin: {x: 0, y: 0}
  m_AnchorMax: {x: 1, y: 1}
  m_AnchoredPosition: {x: 0, y: 0}
  m_SizeDelta: {x: 0, y: 0}
  m_Pivot: {x: 0.5, y: 0.5}
--- !u!222 &4993358144408386777
CanvasRenderer:
  m_ObjectHideFlags: 0
  m_CorrespondingSourceObject: {fileID: 0}
  m_PrefabInstance: {fileID: 0}
  m_PrefabAsset: {fileID: 0}
  m_GameObject: {fileID: 754432153047642294}
  m_CullTransparentMesh: 0
--- !u!114 &1261369524433873709
MonoBehaviour:
  m_ObjectHideFlags: 0
  m_CorrespondingSourceObject: {fileID: 0}
  m_PrefabInstance: {fileID: 0}
  m_PrefabAsset: {fileID: 0}
  m_GameObject: {fileID: 754432153047642294}
  m_Enabled: 1
  m_EditorHideFlags: 0
  m_Script: {fileID: 11500000, guid: f4688fdb7df04437aeb418b961361dc5, type: 3}
  m_Name: 
  m_EditorClassIdentifier: 
  m_Material: {fileID: 0}
  m_Color: {r: 1, g: 1, b: 1, a: 1}
  m_RaycastTarget: 1
  m_Maskable: 1
  m_OnCullStateChanged:
    m_PersistentCalls:
      m_Calls: []
  m_text: 1
  m_isRightToLeft: 0
  m_fontAsset: {fileID: 11400000, guid: 6637e566af443c548abb3ef5e0056947, type: 2}
  m_sharedMaterial: {fileID: 6767447260388518146, guid: 6637e566af443c548abb3ef5e0056947,
    type: 2}
  m_fontSharedMaterials: []
  m_fontMaterial: {fileID: 0}
  m_fontMaterials: []
  m_fontColor32:
    serializedVersion: 2
    rgba: 4287716497
  m_fontColor: {r: 0.5686275, g: 0.36078432, b: 0.5686275, a: 1}
  m_enableVertexGradient: 0
  m_colorMode: 3
  m_fontColorGradient:
    topLeft: {r: 1, g: 1, b: 1, a: 1}
    topRight: {r: 1, g: 1, b: 1, a: 1}
    bottomLeft: {r: 1, g: 1, b: 1, a: 1}
    bottomRight: {r: 1, g: 1, b: 1, a: 1}
  m_fontColorGradientPreset: {fileID: 0}
  m_spriteAsset: {fileID: 0}
  m_tintAllSprites: 0
  m_StyleSheet: {fileID: 0}
  m_TextStyleHashCode: -1183493901
  m_overrideHtmlColors: 0
  m_faceColor:
    serializedVersion: 2
    rgba: 4294967295
  m_fontSize: 1.05
  m_fontSizeBase: 36
  m_fontWeight: 400
  m_enableAutoSizing: 1
  m_fontSizeMin: 0
  m_fontSizeMax: 100
  m_fontStyle: 0
  m_HorizontalAlignment: 2
  m_VerticalAlignment: 512
  m_textAlignment: 65535
  m_characterSpacing: 0
  m_wordSpacing: 0
  m_lineSpacing: 0
  m_lineSpacingMax: 0
  m_paragraphSpacing: 0
  m_charWidthMaxAdj: 0
  m_enableWordWrapping: 1
  m_wordWrappingRatios: 0.4
  m_overflowMode: 0
  m_linkedTextComponent: {fileID: 0}
  parentLinkedComponent: {fileID: 0}
  m_enableKerning: 1
  m_enableExtraPadding: 0
  checkPaddingRequired: 0
  m_isRichText: 1
  m_parseCtrlCharacters: 1
  m_isOrthographic: 1
  m_isCullingEnabled: 0
  m_horizontalMapping: 0
  m_verticalMapping: 0
  m_uvLineOffset: 0
  m_geometrySortingOrder: 0
  m_IsTextObjectScaleStatic: 0
  m_VertexBufferAutoSizeReduction: 0
  m_useMaxVisibleDescender: 1
  m_pageToDisplay: 1
  m_margin: {x: 0, y: 0, z: 0, w: 0}
  m_isUsingLegacyAnimationComponent: 0
  m_isVolumetricText: 0
  m_hasFontAssetChanged: 0
  m_baseMaterial: {fileID: 0}
  m_maskOffset: {x: 0, y: 0, z: 0, w: 0}
--- !u!1 &795701972243035805
GameObject:
  m_ObjectHideFlags: 0
  m_CorrespondingSourceObject: {fileID: 0}
  m_PrefabInstance: {fileID: 0}
  m_PrefabAsset: {fileID: 0}
  serializedVersion: 6
  m_Component:
  - component: {fileID: 6345390478530894358}
  m_Layer: 0
  m_Name: Up - Right
  m_TagString: Untagged
  m_Icon: {fileID: 0}
  m_NavMeshLayer: 0
  m_StaticEditorFlags: 0
  m_IsActive: 1
--- !u!4 &6345390478530894358
Transform:
  m_ObjectHideFlags: 0
  m_CorrespondingSourceObject: {fileID: 0}
  m_PrefabInstance: {fileID: 0}
  m_PrefabAsset: {fileID: 0}
  m_GameObject: {fileID: 795701972243035805}
  m_LocalRotation: {x: 0, y: 0, z: 0, w: 1}
  m_LocalPosition: {x: 0, y: 0, z: 0}
  m_LocalScale: {x: 1, y: 1, z: 1}
  m_Children:
  - {fileID: 7685073654185421154}
  - {fileID: 2388540500220398977}
  m_Father: {fileID: 3224105872049563859}
  m_RootOrder: 0
  m_LocalEulerAnglesHint: {x: 0, y: 0, z: 0}
--- !u!1 &860325512805539051
GameObject:
  m_ObjectHideFlags: 0
  m_CorrespondingSourceObject: {fileID: 0}
  m_PrefabInstance: {fileID: 0}
  m_PrefabAsset: {fileID: 0}
  serializedVersion: 6
  m_Component:
  - component: {fileID: 2496345618197052807}
  m_Layer: 0
  m_Name: Point 1
  m_TagString: Untagged
  m_Icon: {fileID: 0}
  m_NavMeshLayer: 0
  m_StaticEditorFlags: 0
  m_IsActive: 1
--- !u!4 &2496345618197052807
Transform:
  m_ObjectHideFlags: 0
  m_CorrespondingSourceObject: {fileID: 0}
  m_PrefabInstance: {fileID: 0}
  m_PrefabAsset: {fileID: 0}
  m_GameObject: {fileID: 860325512805539051}
  m_LocalRotation: {x: 0, y: 0, z: 0, w: 1}
  m_LocalPosition: {x: 0.6, y: 0.55, z: 0}
  m_LocalScale: {x: 1, y: 1, z: 1}
  m_Children: []
  m_Father: {fileID: 2954570868270634583}
  m_RootOrder: 0
  m_LocalEulerAnglesHint: {x: 0, y: 0, z: 0}
--- !u!1 &960065614080584672
GameObject:
  m_ObjectHideFlags: 0
  m_CorrespondingSourceObject: {fileID: 0}
  m_PrefabInstance: {fileID: 0}
  m_PrefabAsset: {fileID: 0}
  serializedVersion: 6
  m_Component:
  - component: {fileID: 1680991564634983154}
  m_Layer: 0
  m_Name: JunctionPoint
  m_TagString: Untagged
  m_Icon: {fileID: 0}
  m_NavMeshLayer: 0
  m_StaticEditorFlags: 0
  m_IsActive: 1
--- !u!4 &1680991564634983154
Transform:
  m_ObjectHideFlags: 0
  m_CorrespondingSourceObject: {fileID: 0}
  m_PrefabInstance: {fileID: 0}
  m_PrefabAsset: {fileID: 0}
  m_GameObject: {fileID: 960065614080584672}
  m_LocalRotation: {x: 0, y: 0, z: 0, w: 1}
  m_LocalPosition: {x: 0.6, y: 2.3, z: 0}
  m_LocalScale: {x: 1, y: 1, z: 1}
  m_Children: []
  m_Father: {fileID: 971251842940069439}
  m_RootOrder: 1
  m_LocalEulerAnglesHint: {x: 0, y: 0, z: 0}
--- !u!1 &975778235635877314
GameObject:
  m_ObjectHideFlags: 0
  m_CorrespondingSourceObject: {fileID: 0}
  m_PrefabInstance: {fileID: 0}
  m_PrefabAsset: {fileID: 0}
  serializedVersion: 6
  m_Component:
  - component: {fileID: 8602269691593945287}
  - component: {fileID: 8433992982989854936}
  - component: {fileID: 3573565642171417401}
  - component: {fileID: 3636264506406530115}
  m_Layer: 0
  m_Name: Canvas
  m_TagString: Untagged
  m_Icon: {fileID: 0}
  m_NavMeshLayer: 0
  m_StaticEditorFlags: 0
  m_IsActive: 1
--- !u!224 &8602269691593945287
RectTransform:
  m_ObjectHideFlags: 0
  m_CorrespondingSourceObject: {fileID: 0}
  m_PrefabInstance: {fileID: 0}
  m_PrefabAsset: {fileID: 0}
  m_GameObject: {fileID: 975778235635877314}
  m_LocalRotation: {x: -0, y: -0, z: -0, w: 1}
  m_LocalPosition: {x: 0, y: 0, z: 0}
  m_LocalScale: {x: 1, y: 1, z: 1}
  m_Children:
  - {fileID: 5702672280232640874}
  m_Father: {fileID: 2679630979394283765}
  m_RootOrder: 0
  m_LocalEulerAnglesHint: {x: 0, y: 0, z: 0}
  m_AnchorMin: {x: 0, y: 0}
  m_AnchorMax: {x: 1, y: 1}
  m_AnchoredPosition: {x: 0, y: 0}
  m_SizeDelta: {x: 0, y: 0}
  m_Pivot: {x: 0.5, y: 0.5}
--- !u!223 &8433992982989854936
Canvas:
  m_ObjectHideFlags: 0
  m_CorrespondingSourceObject: {fileID: 0}
  m_PrefabInstance: {fileID: 0}
  m_PrefabAsset: {fileID: 0}
  m_GameObject: {fileID: 975778235635877314}
  m_Enabled: 1
  serializedVersion: 3
  m_RenderMode: 2
  m_Camera: {fileID: 0}
  m_PlaneDistance: 100
  m_PixelPerfect: 0
  m_ReceivesEvents: 1
  m_OverrideSorting: 0
  m_OverridePixelPerfect: 0
  m_SortingBucketNormalizedSize: 0
  m_AdditionalShaderChannelsFlag: 25
  m_SortingLayerID: 0
  m_SortingOrder: 0
  m_TargetDisplay: 0
--- !u!114 &3573565642171417401
MonoBehaviour:
  m_ObjectHideFlags: 0
  m_CorrespondingSourceObject: {fileID: 0}
  m_PrefabInstance: {fileID: 0}
  m_PrefabAsset: {fileID: 0}
  m_GameObject: {fileID: 975778235635877314}
  m_Enabled: 1
  m_EditorHideFlags: 0
  m_Script: {fileID: 11500000, guid: 0cd44c1031e13a943bb63640046fad76, type: 3}
  m_Name: 
  m_EditorClassIdentifier: 
  m_UiScaleMode: 0
  m_ReferencePixelsPerUnit: 100
  m_ScaleFactor: 1
  m_ReferenceResolution: {x: 800, y: 600}
  m_ScreenMatchMode: 0
  m_MatchWidthOrHeight: 0
  m_PhysicalUnit: 3
  m_FallbackScreenDPI: 96
  m_DefaultSpriteDPI: 96
  m_DynamicPixelsPerUnit: 1
--- !u!114 &3636264506406530115
MonoBehaviour:
  m_ObjectHideFlags: 0
  m_CorrespondingSourceObject: {fileID: 0}
  m_PrefabInstance: {fileID: 0}
  m_PrefabAsset: {fileID: 0}
  m_GameObject: {fileID: 975778235635877314}
  m_Enabled: 1
  m_EditorHideFlags: 0
  m_Script: {fileID: 11500000, guid: dc42784cf147c0c48a680349fa168899, type: 3}
  m_Name: 
  m_EditorClassIdentifier: 
  m_IgnoreReversedGraphics: 1
  m_BlockingObjects: 0
  m_BlockingMask:
    serializedVersion: 2
    m_Bits: 4294967295
--- !u!1 &1952169192530411077
GameObject:
  m_ObjectHideFlags: 0
  m_CorrespondingSourceObject: {fileID: 0}
  m_PrefabInstance: {fileID: 0}
  m_PrefabAsset: {fileID: 0}
  serializedVersion: 6
  m_Component:
  - component: {fileID: 607525736030718589}
  m_Layer: 0
  m_Name: SpawnPoints
  m_TagString: Untagged
  m_Icon: {fileID: 0}
  m_NavMeshLayer: 0
  m_StaticEditorFlags: 0
  m_IsActive: 1
--- !u!4 &607525736030718589
Transform:
  m_ObjectHideFlags: 0
  m_CorrespondingSourceObject: {fileID: 0}
  m_PrefabInstance: {fileID: 0}
  m_PrefabAsset: {fileID: 0}
  m_GameObject: {fileID: 1952169192530411077}
  m_LocalRotation: {x: 0, y: 0, z: 0, w: 1}
  m_LocalPosition: {x: 0, y: 0, z: 0}
  m_LocalScale: {x: 1, y: 1, z: 1}
  m_Children:
  - {fileID: 2707391517803529750}
  - {fileID: 6132626251146500091}
  - {fileID: 172942052014786408}
  - {fileID: 6904477472830852889}
  m_Father: {fileID: 971251842940069439}
  m_RootOrder: 2
  m_LocalEulerAnglesHint: {x: 0, y: 0, z: 0}
--- !u!1 &1999662208206318905
GameObject:
  m_ObjectHideFlags: 0
  m_CorrespondingSourceObject: {fileID: 0}
  m_PrefabInstance: {fileID: 0}
  m_PrefabAsset: {fileID: 0}
  serializedVersion: 6
  m_Component:
  - component: {fileID: 2954570868270634583}
  m_Layer: 0
  m_Name: Up - Left
  m_TagString: Untagged
  m_Icon: {fileID: 0}
  m_NavMeshLayer: 0
  m_StaticEditorFlags: 0
  m_IsActive: 1
--- !u!4 &2954570868270634583
Transform:
  m_ObjectHideFlags: 0
  m_CorrespondingSourceObject: {fileID: 0}
  m_PrefabInstance: {fileID: 0}
  m_PrefabAsset: {fileID: 0}
  m_GameObject: {fileID: 1999662208206318905}
  m_LocalRotation: {x: 0, y: 0, z: 0, w: 1}
  m_LocalPosition: {x: 0, y: 0, z: 0}
  m_LocalScale: {x: 1, y: 1, z: 1}
  m_Children:
  - {fileID: 2496345618197052807}
  - {fileID: 1084468585770717178}
  m_Father: {fileID: 3224105872049563859}
  m_RootOrder: 1
  m_LocalEulerAnglesHint: {x: 0, y: 0, z: 0}
--- !u!1 &2114351706667454527
GameObject:
  m_ObjectHideFlags: 0
  m_CorrespondingSourceObject: {fileID: 0}
  m_PrefabInstance: {fileID: 0}
  m_PrefabAsset: {fileID: 0}
  serializedVersion: 6
  m_Component:
  - component: {fileID: 971251842940069439}
  - component: {fileID: 4063718689362449896}
  m_Layer: 0
  m_Name: Template
  m_TagString: Untagged
  m_Icon: {fileID: 0}
  m_NavMeshLayer: 0
  m_StaticEditorFlags: 0
  m_IsActive: 1
--- !u!4 &971251842940069439
Transform:
  m_ObjectHideFlags: 0
  m_CorrespondingSourceObject: {fileID: 0}
  m_PrefabInstance: {fileID: 0}
  m_PrefabAsset: {fileID: 0}
  m_GameObject: {fileID: 2114351706667454527}
  m_LocalRotation: {x: 0, y: 0, z: 0, w: 1}
  m_LocalPosition: {x: 0, y: 0, z: 0}
  m_LocalScale: {x: 1, y: 1, z: 1}
  m_Children:
  - {fileID: 2368960972000896383}
  - {fileID: 1680991564634983154}
  - {fileID: 607525736030718589}
  - {fileID: 8655460251429111447}
  - {fileID: 3224105872049563859}
  - {fileID: 7190829156726557605}
  m_Father: {fileID: 0}
  m_RootOrder: 0
  m_LocalEulerAnglesHint: {x: 0, y: 0, z: 0}
--- !u!212 &4063718689362449896
SpriteRenderer:
  m_ObjectHideFlags: 0
  m_CorrespondingSourceObject: {fileID: 0}
  m_PrefabInstance: {fileID: 0}
  m_PrefabAsset: {fileID: 0}
  m_GameObject: {fileID: 2114351706667454527}
  m_Enabled: 1
  m_CastShadows: 0
  m_ReceiveShadows: 0
  m_DynamicOccludee: 1
  m_MotionVectors: 1
  m_LightProbeUsage: 1
  m_ReflectionProbeUsage: 1
  m_RayTracingMode: 0
  m_RenderingLayerMask: 1
  m_RendererPriority: 0
  m_Materials:
  - {fileID: 10754, guid: 0000000000000000f000000000000000, type: 0}
  m_StaticBatchInfo:
    firstSubMesh: 0
    subMeshCount: 0
  m_StaticBatchRoot: {fileID: 0}
  m_ProbeAnchor: {fileID: 0}
  m_LightProbeVolumeOverride: {fileID: 0}
  m_ScaleInLightmap: 1
  m_ReceiveGI: 1
  m_PreserveUVs: 0
  m_IgnoreNormalsForChartDetection: 0
  m_ImportantGI: 0
  m_StitchLightmapSeams: 1
  m_SelectedEditorRenderState: 0
  m_MinimumChartSize: 4
  m_AutoUVMaxDistance: 0.5
  m_AutoUVMaxAngle: 89
  m_LightmapParameters: {fileID: 0}
  m_SortingLayerID: 0
  m_SortingLayer: 0
  m_SortingOrder: 0
  m_Sprite: {fileID: 0}
  m_Color: {r: 1, g: 1, b: 1, a: 1}
  m_FlipX: 0
  m_FlipY: 0
  m_DrawMode: 0
  m_Size: {x: 2.56, y: 1.28}
  m_AdaptiveModeThreshold: 0.5
  m_SpriteTileMode: 0
  m_WasSpriteAssigned: 0
  m_MaskInteraction: 0
  m_SpriteSortPoint: 0
--- !u!1 &2149222816836860247
GameObject:
  m_ObjectHideFlags: 0
  m_CorrespondingSourceObject: {fileID: 0}
  m_PrefabInstance: {fileID: 0}
  m_PrefabAsset: {fileID: 0}
  serializedVersion: 6
  m_Component:
  - component: {fileID: 4435545294143424768}
  - component: {fileID: 5465081983294354487}
  - component: {fileID: 477474069066389247}
  m_Layer: 0
  m_Name: Text (TMP)
  m_TagString: Untagged
  m_Icon: {fileID: 0}
  m_NavMeshLayer: 0
  m_StaticEditorFlags: 0
  m_IsActive: 1
--- !u!224 &4435545294143424768
RectTransform:
  m_ObjectHideFlags: 0
  m_CorrespondingSourceObject: {fileID: 0}
  m_PrefabInstance: {fileID: 0}
  m_PrefabAsset: {fileID: 0}
  m_GameObject: {fileID: 2149222816836860247}
  m_LocalRotation: {x: 0, y: 0, z: 0, w: 1}
  m_LocalPosition: {x: 0, y: 0, z: 0}
  m_LocalScale: {x: 1, y: 1, z: 1}
  m_Children: []
  m_Father: {fileID: 8831169107052186864}
  m_RootOrder: 0
  m_LocalEulerAnglesHint: {x: 0, y: 0, z: 0}
  m_AnchorMin: {x: 0, y: 0}
  m_AnchorMax: {x: 1, y: 1}
  m_AnchoredPosition: {x: 0, y: 0}
  m_SizeDelta: {x: 0, y: 0}
  m_Pivot: {x: 0.5, y: 0.5}
--- !u!222 &5465081983294354487
CanvasRenderer:
  m_ObjectHideFlags: 0
  m_CorrespondingSourceObject: {fileID: 0}
  m_PrefabInstance: {fileID: 0}
  m_PrefabAsset: {fileID: 0}
  m_GameObject: {fileID: 2149222816836860247}
  m_CullTransparentMesh: 0
--- !u!114 &477474069066389247
MonoBehaviour:
  m_ObjectHideFlags: 0
  m_CorrespondingSourceObject: {fileID: 0}
  m_PrefabInstance: {fileID: 0}
  m_PrefabAsset: {fileID: 0}
  m_GameObject: {fileID: 2149222816836860247}
  m_Enabled: 1
  m_EditorHideFlags: 0
  m_Script: {fileID: 11500000, guid: f4688fdb7df04437aeb418b961361dc5, type: 3}
  m_Name: 
  m_EditorClassIdentifier: 
  m_Material: {fileID: 0}
  m_Color: {r: 1, g: 1, b: 1, a: 1}
  m_RaycastTarget: 1
  m_Maskable: 1
  m_OnCullStateChanged:
    m_PersistentCalls:
      m_Calls: []
  m_text: 1
  m_isRightToLeft: 0
  m_fontAsset: {fileID: 11400000, guid: 6637e566af443c548abb3ef5e0056947, type: 2}
  m_sharedMaterial: {fileID: 6767447260388518146, guid: 6637e566af443c548abb3ef5e0056947,
    type: 2}
  m_fontSharedMaterials: []
  m_fontMaterial: {fileID: 0}
  m_fontMaterials: []
  m_fontColor32:
    serializedVersion: 2
    rgba: 4287716497
  m_fontColor: {r: 0.5686275, g: 0.36078432, b: 0.5686275, a: 1}
  m_enableVertexGradient: 0
  m_colorMode: 3
  m_fontColorGradient:
    topLeft: {r: 1, g: 1, b: 1, a: 1}
    topRight: {r: 1, g: 1, b: 1, a: 1}
    bottomLeft: {r: 1, g: 1, b: 1, a: 1}
    bottomRight: {r: 1, g: 1, b: 1, a: 1}
  m_fontColorGradientPreset: {fileID: 0}
  m_spriteAsset: {fileID: 0}
  m_tintAllSprites: 0
  m_StyleSheet: {fileID: 0}
  m_TextStyleHashCode: -1183493901
  m_overrideHtmlColors: 0
  m_faceColor:
    serializedVersion: 2
    rgba: 4294967295
  m_fontSize: 1.05
  m_fontSizeBase: 36
  m_fontWeight: 400
  m_enableAutoSizing: 1
  m_fontSizeMin: 0
  m_fontSizeMax: 100
  m_fontStyle: 0
  m_HorizontalAlignment: 2
  m_VerticalAlignment: 512
  m_textAlignment: 65535
  m_characterSpacing: 0
  m_wordSpacing: 0
  m_lineSpacing: 0
  m_lineSpacingMax: 0
  m_paragraphSpacing: 0
  m_charWidthMaxAdj: 0
  m_enableWordWrapping: 1
  m_wordWrappingRatios: 0.4
  m_overflowMode: 0
  m_linkedTextComponent: {fileID: 0}
  parentLinkedComponent: {fileID: 0}
  m_enableKerning: 1
  m_enableExtraPadding: 0
  checkPaddingRequired: 0
  m_isRichText: 1
  m_parseCtrlCharacters: 1
  m_isOrthographic: 1
  m_isCullingEnabled: 0
  m_horizontalMapping: 0
  m_verticalMapping: 0
  m_uvLineOffset: 0
  m_geometrySortingOrder: 0
  m_IsTextObjectScaleStatic: 0
  m_VertexBufferAutoSizeReduction: 0
  m_useMaxVisibleDescender: 1
  m_pageToDisplay: 1
  m_margin: {x: 0, y: 0, z: 0, w: 0}
  m_isUsingLegacyAnimationComponent: 0
  m_isVolumetricText: 0
  m_hasFontAssetChanged: 0
  m_baseMaterial: {fileID: 0}
  m_maskOffset: {x: 0, y: 0, z: 0, w: 0}
--- !u!1 &2328564673252240915
GameObject:
  m_ObjectHideFlags: 0
  m_CorrespondingSourceObject: {fileID: 0}
  m_PrefabInstance: {fileID: 0}
  m_PrefabAsset: {fileID: 0}
  serializedVersion: 6
  m_Component:
  - component: {fileID: 172942052014786408}
  m_Layer: 0
  m_Name: BotSpawnPoint
  m_TagString: Untagged
  m_Icon: {fileID: 0}
  m_NavMeshLayer: 0
  m_StaticEditorFlags: 0
  m_IsActive: 1
--- !u!4 &172942052014786408
Transform:
  m_ObjectHideFlags: 0
  m_CorrespondingSourceObject: {fileID: 0}
  m_PrefabInstance: {fileID: 0}
  m_PrefabAsset: {fileID: 0}
  m_GameObject: {fileID: 2328564673252240915}
  m_LocalRotation: {x: -0, y: -0, z: -0, w: 1}
  m_LocalPosition: {x: 0, y: -10.24, z: 0}
  m_LocalScale: {x: 1, y: 1, z: 1}
  m_Children: []
  m_Father: {fileID: 607525736030718589}
  m_RootOrder: 2
  m_LocalEulerAnglesHint: {x: 0, y: 0, z: 0}
--- !u!1 &2514540451345827400
GameObject:
  m_ObjectHideFlags: 0
  m_CorrespondingSourceObject: {fileID: 0}
  m_PrefabInstance: {fileID: 0}
  m_PrefabAsset: {fileID: 0}
  serializedVersion: 6
  m_Component:
  - component: {fileID: 6563276354946788275}
  - component: {fileID: 4230929711324166911}
  - component: {fileID: 104172334307960001}
  m_Layer: 0
  m_Name: Text (TMP)
  m_TagString: Untagged
  m_Icon: {fileID: 0}
  m_NavMeshLayer: 0
  m_StaticEditorFlags: 0
  m_IsActive: 1
--- !u!224 &6563276354946788275
RectTransform:
  m_ObjectHideFlags: 0
  m_CorrespondingSourceObject: {fileID: 0}
  m_PrefabInstance: {fileID: 0}
  m_PrefabAsset: {fileID: 0}
  m_GameObject: {fileID: 2514540451345827400}
  m_LocalRotation: {x: 0, y: 0, z: 0, w: 1}
  m_LocalPosition: {x: 0, y: 0, z: 0}
  m_LocalScale: {x: 1, y: 1, z: 1}
  m_Children: []
  m_Father: {fileID: 4066981106152605071}
  m_RootOrder: 0
  m_LocalEulerAnglesHint: {x: 0, y: 0, z: 0}
  m_AnchorMin: {x: 0, y: 0}
  m_AnchorMax: {x: 1, y: 1}
  m_AnchoredPosition: {x: 0, y: 0}
  m_SizeDelta: {x: 0, y: 0}
  m_Pivot: {x: 0.5, y: 0.5}
--- !u!222 &4230929711324166911
CanvasRenderer:
  m_ObjectHideFlags: 0
  m_CorrespondingSourceObject: {fileID: 0}
  m_PrefabInstance: {fileID: 0}
  m_PrefabAsset: {fileID: 0}
  m_GameObject: {fileID: 2514540451345827400}
  m_CullTransparentMesh: 0
--- !u!114 &104172334307960001
MonoBehaviour:
  m_ObjectHideFlags: 0
  m_CorrespondingSourceObject: {fileID: 0}
  m_PrefabInstance: {fileID: 0}
  m_PrefabAsset: {fileID: 0}
  m_GameObject: {fileID: 2514540451345827400}
  m_Enabled: 1
  m_EditorHideFlags: 0
  m_Script: {fileID: 11500000, guid: f4688fdb7df04437aeb418b961361dc5, type: 3}
  m_Name: 
  m_EditorClassIdentifier: 
  m_Material: {fileID: 0}
  m_Color: {r: 1, g: 1, b: 1, a: 1}
  m_RaycastTarget: 1
  m_Maskable: 1
  m_OnCullStateChanged:
    m_PersistentCalls:
      m_Calls: []
  m_text: 1
  m_isRightToLeft: 0
  m_fontAsset: {fileID: 11400000, guid: 6637e566af443c548abb3ef5e0056947, type: 2}
  m_sharedMaterial: {fileID: 6767447260388518146, guid: 6637e566af443c548abb3ef5e0056947,
    type: 2}
  m_fontSharedMaterials: []
  m_fontMaterial: {fileID: 0}
  m_fontMaterials: []
  m_fontColor32:
    serializedVersion: 2
    rgba: 4287716497
  m_fontColor: {r: 0.5686275, g: 0.36078432, b: 0.5686275, a: 1}
  m_enableVertexGradient: 0
  m_colorMode: 3
  m_fontColorGradient:
    topLeft: {r: 1, g: 1, b: 1, a: 1}
    topRight: {r: 1, g: 1, b: 1, a: 1}
    bottomLeft: {r: 1, g: 1, b: 1, a: 1}
    bottomRight: {r: 1, g: 1, b: 1, a: 1}
  m_fontColorGradientPreset: {fileID: 0}
  m_spriteAsset: {fileID: 0}
  m_tintAllSprites: 0
  m_StyleSheet: {fileID: 0}
  m_TextStyleHashCode: -1183493901
  m_overrideHtmlColors: 0
  m_faceColor:
    serializedVersion: 2
    rgba: 4294967295
  m_fontSize: 1.05
  m_fontSizeBase: 36
  m_fontWeight: 400
  m_enableAutoSizing: 1
  m_fontSizeMin: 0
  m_fontSizeMax: 100
  m_fontStyle: 0
  m_HorizontalAlignment: 2
  m_VerticalAlignment: 512
  m_textAlignment: 65535
  m_characterSpacing: 0
  m_wordSpacing: 0
  m_lineSpacing: 0
  m_lineSpacingMax: 0
  m_paragraphSpacing: 0
  m_charWidthMaxAdj: 0
  m_enableWordWrapping: 1
  m_wordWrappingRatios: 0.4
  m_overflowMode: 0
  m_linkedTextComponent: {fileID: 0}
  parentLinkedComponent: {fileID: 0}
  m_enableKerning: 1
  m_enableExtraPadding: 0
  checkPaddingRequired: 0
  m_isRichText: 1
  m_parseCtrlCharacters: 1
  m_isOrthographic: 1
  m_isCullingEnabled: 0
  m_horizontalMapping: 0
  m_verticalMapping: 0
  m_uvLineOffset: 0
  m_geometrySortingOrder: 0
  m_IsTextObjectScaleStatic: 0
  m_VertexBufferAutoSizeReduction: 0
  m_useMaxVisibleDescender: 1
  m_pageToDisplay: 1
  m_margin: {x: 0, y: 0, z: 0, w: 0}
  m_isUsingLegacyAnimationComponent: 0
  m_isVolumetricText: 0
  m_hasFontAssetChanged: 0
  m_baseMaterial: {fileID: 0}
  m_maskOffset: {x: 0, y: 0, z: 0, w: 0}
--- !u!1 &2619806152163964940
GameObject:
  m_ObjectHideFlags: 0
  m_CorrespondingSourceObject: {fileID: 0}
  m_PrefabInstance: {fileID: 0}
  m_PrefabAsset: {fileID: 0}
  serializedVersion: 6
  m_Component:
  - component: {fileID: 7212314758168866903}
  - component: {fileID: 1394264438404057554}
  - component: {fileID: 6976055141102771217}
  m_Layer: 0
  m_Name: RightSquare
  m_TagString: Untagged
  m_Icon: {fileID: 0}
  m_NavMeshLayer: 0
  m_StaticEditorFlags: 0
  m_IsActive: 1
--- !u!224 &7212314758168866903
RectTransform:
  m_ObjectHideFlags: 0
  m_CorrespondingSourceObject: {fileID: 0}
  m_PrefabInstance: {fileID: 0}
  m_PrefabAsset: {fileID: 0}
  m_GameObject: {fileID: 2619806152163964940}
  m_LocalRotation: {x: -0, y: -0, z: -0, w: 1}
  m_LocalPosition: {x: 0, y: 0, z: 0}
  m_LocalScale: {x: 1, y: 1, z: 1}
  m_Children:
  - {fileID: 4066981106152605071}
  m_Father: {fileID: 8655460251429111447}
  m_RootOrder: 1
  m_LocalEulerAnglesHint: {x: 0, y: 0, z: 0}
  m_AnchorMin: {x: 0.5, y: 0.5}
  m_AnchorMax: {x: 0.5, y: 0.5}
  m_AnchoredPosition: {x: 2, y: 0}
  m_SizeDelta: {x: 1.28, y: 1.28}
  m_Pivot: {x: 0.5, y: 0.5}
--- !u!212 &1394264438404057554
SpriteRenderer:
  m_ObjectHideFlags: 0
  m_CorrespondingSourceObject: {fileID: 0}
  m_PrefabInstance: {fileID: 0}
  m_PrefabAsset: {fileID: 0}
  m_GameObject: {fileID: 2619806152163964940}
  m_Enabled: 1
  m_CastShadows: 0
  m_ReceiveShadows: 0
  m_DynamicOccludee: 1
  m_MotionVectors: 1
  m_LightProbeUsage: 1
  m_ReflectionProbeUsage: 1
  m_RayTracingMode: 0
  m_RenderingLayerMask: 1
  m_RendererPriority: 0
  m_Materials:
  - {fileID: 10754, guid: 0000000000000000f000000000000000, type: 0}
  m_StaticBatchInfo:
    firstSubMesh: 0
    subMeshCount: 0
  m_StaticBatchRoot: {fileID: 0}
  m_ProbeAnchor: {fileID: 0}
  m_LightProbeVolumeOverride: {fileID: 0}
  m_ScaleInLightmap: 1
  m_ReceiveGI: 1
  m_PreserveUVs: 0
  m_IgnoreNormalsForChartDetection: 0
  m_ImportantGI: 0
  m_StitchLightmapSeams: 1
  m_SelectedEditorRenderState: 0
  m_MinimumChartSize: 4
  m_AutoUVMaxDistance: 0.5
  m_AutoUVMaxAngle: 89
  m_LightmapParameters: {fileID: 0}
  m_SortingLayerID: 0
  m_SortingLayer: 0
  m_SortingOrder: 0
  m_Sprite: {fileID: -2075343139444904777, guid: 36e7c57b0daea1646a79a2e5bae31fde,
    type: 3}
  m_Color: {r: 1, g: 1, b: 1, a: 1}
  m_FlipX: 0
  m_FlipY: 0
  m_DrawMode: 0
  m_Size: {x: 0.16, y: 0.16}
  m_AdaptiveModeThreshold: 0.5
  m_SpriteTileMode: 0
  m_WasSpriteAssigned: 1
  m_MaskInteraction: 0
  m_SpriteSortPoint: 0
--- !u!114 &6976055141102771217
MonoBehaviour:
  m_ObjectHideFlags: 0
  m_CorrespondingSourceObject: {fileID: 0}
  m_PrefabInstance: {fileID: 0}
  m_PrefabAsset: {fileID: 0}
  m_GameObject: {fileID: 2619806152163964940}
  m_Enabled: 1
  m_EditorHideFlags: 0
  m_Script: {fileID: 11500000, guid: 2b1582c6e2cf1d44da8c5bc7253424c2, type: 3}
  m_Name: 
  m_EditorClassIdentifier: 
  questionController: {fileID: 0}
  isometricController: {fileID: 0}
  butText: {fileID: 104172334307960001}
  isCorrectAns: 0
  buttonDirection: 
--- !u!1 &2911147466219986003
GameObject:
  m_ObjectHideFlags: 0
  m_CorrespondingSourceObject: {fileID: 0}
  m_PrefabInstance: {fileID: 0}
  m_PrefabAsset: {fileID: 0}
  serializedVersion: 6
  m_Component:
  - component: {fileID: 8555824969298836195}
  - component: {fileID: 922445000845396889}
  - component: {fileID: 6754168335946573671}
  m_Layer: 0
  m_Name: Text (TMP)
  m_TagString: Untagged
  m_Icon: {fileID: 0}
  m_NavMeshLayer: 0
  m_StaticEditorFlags: 0
  m_IsActive: 1
--- !u!224 &8555824969298836195
RectTransform:
  m_ObjectHideFlags: 0
  m_CorrespondingSourceObject: {fileID: 0}
  m_PrefabInstance: {fileID: 0}
  m_PrefabAsset: {fileID: 0}
  m_GameObject: {fileID: 2911147466219986003}
  m_LocalRotation: {x: 0, y: 0, z: 0, w: 1}
  m_LocalPosition: {x: 0, y: 0, z: 0}
  m_LocalScale: {x: 1, y: 1, z: 1}
  m_Children: []
  m_Father: {fileID: 7533175508385056239}
  m_RootOrder: 0
  m_LocalEulerAnglesHint: {x: 0, y: 0, z: 0}
  m_AnchorMin: {x: 0, y: 0}
  m_AnchorMax: {x: 1, y: 1}
  m_AnchoredPosition: {x: 0, y: 0}
  m_SizeDelta: {x: 0, y: 0}
  m_Pivot: {x: 0.5, y: 0.5}
--- !u!222 &922445000845396889
CanvasRenderer:
  m_ObjectHideFlags: 0
  m_CorrespondingSourceObject: {fileID: 0}
  m_PrefabInstance: {fileID: 0}
  m_PrefabAsset: {fileID: 0}
  m_GameObject: {fileID: 2911147466219986003}
  m_CullTransparentMesh: 0
--- !u!114 &6754168335946573671
MonoBehaviour:
  m_ObjectHideFlags: 0
  m_CorrespondingSourceObject: {fileID: 0}
  m_PrefabInstance: {fileID: 0}
  m_PrefabAsset: {fileID: 0}
  m_GameObject: {fileID: 2911147466219986003}
  m_Enabled: 1
  m_EditorHideFlags: 0
  m_Script: {fileID: 11500000, guid: f4688fdb7df04437aeb418b961361dc5, type: 3}
  m_Name: 
  m_EditorClassIdentifier: 
  m_Material: {fileID: 0}
  m_Color: {r: 1, g: 1, b: 1, a: 1}
  m_RaycastTarget: 1
  m_Maskable: 1
  m_OnCullStateChanged:
    m_PersistentCalls:
      m_Calls: []
  m_text: 1
  m_isRightToLeft: 0
  m_fontAsset: {fileID: 11400000, guid: 6637e566af443c548abb3ef5e0056947, type: 2}
  m_sharedMaterial: {fileID: 6767447260388518146, guid: 6637e566af443c548abb3ef5e0056947,
    type: 2}
  m_fontSharedMaterials: []
  m_fontMaterial: {fileID: 0}
  m_fontMaterials: []
  m_fontColor32:
    serializedVersion: 2
    rgba: 4287716497
  m_fontColor: {r: 0.5686275, g: 0.36078432, b: 0.5686275, a: 1}
  m_enableVertexGradient: 0
  m_colorMode: 3
  m_fontColorGradient:
    topLeft: {r: 1, g: 1, b: 1, a: 1}
    topRight: {r: 1, g: 1, b: 1, a: 1}
    bottomLeft: {r: 1, g: 1, b: 1, a: 1}
    bottomRight: {r: 1, g: 1, b: 1, a: 1}
  m_fontColorGradientPreset: {fileID: 0}
  m_spriteAsset: {fileID: 0}
  m_tintAllSprites: 0
  m_StyleSheet: {fileID: 0}
  m_TextStyleHashCode: -1183493901
  m_overrideHtmlColors: 0
  m_faceColor:
    serializedVersion: 2
    rgba: 4294967295
  m_fontSize: 1.05
  m_fontSizeBase: 36
  m_fontWeight: 400
  m_enableAutoSizing: 1
  m_fontSizeMin: 0
  m_fontSizeMax: 100
  m_fontStyle: 0
  m_HorizontalAlignment: 2
  m_VerticalAlignment: 512
  m_textAlignment: 65535
  m_characterSpacing: 0
  m_wordSpacing: 0
  m_lineSpacing: 0
  m_lineSpacingMax: 0
  m_paragraphSpacing: 0
  m_charWidthMaxAdj: 0
  m_enableWordWrapping: 1
  m_wordWrappingRatios: 0.4
  m_overflowMode: 0
  m_linkedTextComponent: {fileID: 0}
  parentLinkedComponent: {fileID: 0}
  m_enableKerning: 1
  m_enableExtraPadding: 0
  checkPaddingRequired: 0
  m_isRichText: 1
  m_parseCtrlCharacters: 1
  m_isOrthographic: 1
  m_isCullingEnabled: 0
  m_horizontalMapping: 0
  m_verticalMapping: 0
  m_uvLineOffset: 0
  m_geometrySortingOrder: 0
  m_IsTextObjectScaleStatic: 0
  m_VertexBufferAutoSizeReduction: 0
  m_useMaxVisibleDescender: 1
  m_pageToDisplay: 1
  m_margin: {x: 0, y: 0, z: 0, w: 0}
  m_isUsingLegacyAnimationComponent: 0
  m_isVolumetricText: 0
  m_hasFontAssetChanged: 0
  m_baseMaterial: {fileID: 0}
  m_maskOffset: {x: 0, y: 0, z: 0, w: 0}
--- !u!1 &3675497006322024056
GameObject:
  m_ObjectHideFlags: 0
  m_CorrespondingSourceObject: {fileID: 0}
  m_PrefabInstance: {fileID: 0}
  m_PrefabAsset: {fileID: 0}
  serializedVersion: 6
  m_Component:
  - component: {fileID: 8126198980676585498}
  - component: {fileID: 6686602857196679213}
  - component: {fileID: 8009087609674489213}
  m_Layer: 0
  m_Name: UpSquare
  m_TagString: Untagged
  m_Icon: {fileID: 0}
  m_NavMeshLayer: 0
  m_StaticEditorFlags: 0
  m_IsActive: 1
--- !u!224 &8126198980676585498
RectTransform:
  m_ObjectHideFlags: 0
  m_CorrespondingSourceObject: {fileID: 0}
  m_PrefabInstance: {fileID: 0}
  m_PrefabAsset: {fileID: 0}
  m_GameObject: {fileID: 3675497006322024056}
  m_LocalRotation: {x: -0, y: -0, z: -0, w: 1}
  m_LocalPosition: {x: 0, y: 0, z: 0}
  m_LocalScale: {x: 1, y: 1, z: 1}
  m_Children:
  - {fileID: 7533175508385056239}
  m_Father: {fileID: 8655460251429111447}
  m_RootOrder: 0
  m_LocalEulerAnglesHint: {x: 0, y: 0, z: 0}
  m_AnchorMin: {x: 0.5, y: 0.5}
  m_AnchorMax: {x: 0.5, y: 0.5}
  m_AnchoredPosition: {x: 0, y: 2}
  m_SizeDelta: {x: 1.28, y: 1.28}
  m_Pivot: {x: 0.5, y: 0.5}
--- !u!212 &6686602857196679213
SpriteRenderer:
  m_ObjectHideFlags: 0
  m_CorrespondingSourceObject: {fileID: 0}
  m_PrefabInstance: {fileID: 0}
  m_PrefabAsset: {fileID: 0}
  m_GameObject: {fileID: 3675497006322024056}
  m_Enabled: 1
  m_CastShadows: 0
  m_ReceiveShadows: 0
  m_DynamicOccludee: 1
  m_MotionVectors: 1
  m_LightProbeUsage: 1
  m_ReflectionProbeUsage: 1
  m_RayTracingMode: 0
  m_RenderingLayerMask: 1
  m_RendererPriority: 0
  m_Materials:
  - {fileID: 10754, guid: 0000000000000000f000000000000000, type: 0}
  m_StaticBatchInfo:
    firstSubMesh: 0
    subMeshCount: 0
  m_StaticBatchRoot: {fileID: 0}
  m_ProbeAnchor: {fileID: 0}
  m_LightProbeVolumeOverride: {fileID: 0}
  m_ScaleInLightmap: 1
  m_ReceiveGI: 1
  m_PreserveUVs: 0
  m_IgnoreNormalsForChartDetection: 0
  m_ImportantGI: 0
  m_StitchLightmapSeams: 1
  m_SelectedEditorRenderState: 0
  m_MinimumChartSize: 4
  m_AutoUVMaxDistance: 0.5
  m_AutoUVMaxAngle: 89
  m_LightmapParameters: {fileID: 0}
  m_SortingLayerID: 0
  m_SortingLayer: 0
  m_SortingOrder: 0
  m_Sprite: {fileID: -8349813811910373333, guid: afed7f2afc489734b95c8b629f5e729a,
    type: 3}
  m_Color: {r: 1, g: 1, b: 1, a: 1}
  m_FlipX: 0
  m_FlipY: 0
  m_DrawMode: 0
  m_Size: {x: 0.16, y: 0.16}
  m_AdaptiveModeThreshold: 0.5
  m_SpriteTileMode: 0
  m_WasSpriteAssigned: 1
  m_MaskInteraction: 0
  m_SpriteSortPoint: 0
--- !u!114 &8009087609674489213
MonoBehaviour:
  m_ObjectHideFlags: 0
  m_CorrespondingSourceObject: {fileID: 0}
  m_PrefabInstance: {fileID: 0}
  m_PrefabAsset: {fileID: 0}
  m_GameObject: {fileID: 3675497006322024056}
  m_Enabled: 1
  m_EditorHideFlags: 0
  m_Script: {fileID: 11500000, guid: 2b1582c6e2cf1d44da8c5bc7253424c2, type: 3}
  m_Name: 
  m_EditorClassIdentifier: 
  questionController: {fileID: 0}
  isometricController: {fileID: 0}
  butText: {fileID: 6754168335946573671}
  isCorrectAns: 0
  buttonDirection: 
--- !u!1 &3901482228885149007
GameObject:
  m_ObjectHideFlags: 0
  m_CorrespondingSourceObject: {fileID: 0}
  m_PrefabInstance: {fileID: 0}
  m_PrefabAsset: {fileID: 0}
  serializedVersion: 6
  m_Component:
  - component: {fileID: 2707391517803529750}
  m_Layer: 0
  m_Name: TopSpawnPoint
  m_TagString: Untagged
  m_Icon: {fileID: 0}
  m_NavMeshLayer: 0
  m_StaticEditorFlags: 0
  m_IsActive: 1
--- !u!4 &2707391517803529750
Transform:
  m_ObjectHideFlags: 0
  m_CorrespondingSourceObject: {fileID: 0}
  m_PrefabInstance: {fileID: 0}
  m_PrefabAsset: {fileID: 0}
  m_GameObject: {fileID: 3901482228885149007}
  m_LocalRotation: {x: -0, y: -0, z: -0, w: 1}
  m_LocalPosition: {x: 0, y: 10.24, z: 0}
  m_LocalScale: {x: 1, y: 1, z: 1}
  m_Children: []
  m_Father: {fileID: 607525736030718589}
  m_RootOrder: 0
  m_LocalEulerAnglesHint: {x: 0, y: 0, z: 0}
--- !u!1 &5382819874022047068
GameObject:
  m_ObjectHideFlags: 0
  m_CorrespondingSourceObject: {fileID: 0}
  m_PrefabInstance: {fileID: 0}
  m_PrefabAsset: {fileID: 0}
  serializedVersion: 6
  m_Component:
  - component: {fileID: 3224105872049563859}
  m_Layer: 0
  m_Name: BusPaths
  m_TagString: Untagged
  m_Icon: {fileID: 0}
  m_NavMeshLayer: 0
  m_StaticEditorFlags: 0
  m_IsActive: 1
--- !u!4 &3224105872049563859
Transform:
  m_ObjectHideFlags: 0
  m_CorrespondingSourceObject: {fileID: 0}
  m_PrefabInstance: {fileID: 0}
  m_PrefabAsset: {fileID: 0}
  m_GameObject: {fileID: 5382819874022047068}
  m_LocalRotation: {x: -0, y: -0, z: -0, w: 1}
  m_LocalPosition: {x: 0, y: 0, z: 0}
  m_LocalScale: {x: 1, y: 1, z: 1}
  m_Children:
  - {fileID: 6345390478530894358}
  - {fileID: 2954570868270634583}
  m_Father: {fileID: 971251842940069439}
  m_RootOrder: 4
  m_LocalEulerAnglesHint: {x: 0, y: 0, z: 0}
--- !u!1 &7121919683288835676
GameObject:
  m_ObjectHideFlags: 0
  m_CorrespondingSourceObject: {fileID: 0}
  m_PrefabInstance: {fileID: 0}
  m_PrefabAsset: {fileID: 0}
  serializedVersion: 6
  m_Component:
  - component: {fileID: 2679630979394283765}
  - component: {fileID: 8999738145407084546}
  - component: {fileID: 4525957403100772915}
  - component: {fileID: 728158770780326717}
  m_Layer: 0
  m_Name: DownSquare
  m_TagString: Untagged
  m_Icon: {fileID: 0}
  m_NavMeshLayer: 0
  m_StaticEditorFlags: 0
  m_IsActive: 1
--- !u!224 &2679630979394283765
RectTransform:
  m_ObjectHideFlags: 0
  m_CorrespondingSourceObject: {fileID: 0}
  m_PrefabInstance: {fileID: 0}
  m_PrefabAsset: {fileID: 0}
  m_GameObject: {fileID: 7121919683288835676}
  m_LocalRotation: {x: -0, y: -0, z: -0, w: 1}
  m_LocalPosition: {x: 0, y: 0, z: 0}
  m_LocalScale: {x: 1, y: 1, z: 1}
  m_Children:
  - {fileID: 8602269691593945287}
  m_Father: {fileID: 8655460251429111447}
  m_RootOrder: 2
  m_LocalEulerAnglesHint: {x: 0, y: 0, z: 0}
  m_AnchorMin: {x: 0.5, y: 0.5}
  m_AnchorMax: {x: 0.5, y: 0.5}
  m_AnchoredPosition: {x: 0, y: -2}
  m_SizeDelta: {x: 1.28, y: 1.28}
  m_Pivot: {x: 0.5, y: 0.5}
--- !u!212 &8999738145407084546
SpriteRenderer:
  m_ObjectHideFlags: 0
  m_CorrespondingSourceObject: {fileID: 0}
  m_PrefabInstance: {fileID: 0}
  m_PrefabAsset: {fileID: 0}
  m_GameObject: {fileID: 7121919683288835676}
  m_Enabled: 1
  m_CastShadows: 0
  m_ReceiveShadows: 0
  m_DynamicOccludee: 1
  m_MotionVectors: 1
  m_LightProbeUsage: 1
  m_ReflectionProbeUsage: 1
  m_RayTracingMode: 0
  m_RenderingLayerMask: 1
  m_RendererPriority: 0
  m_Materials:
  - {fileID: 10754, guid: 0000000000000000f000000000000000, type: 0}
  m_StaticBatchInfo:
    firstSubMesh: 0
    subMeshCount: 0
  m_StaticBatchRoot: {fileID: 0}
  m_ProbeAnchor: {fileID: 0}
  m_LightProbeVolumeOverride: {fileID: 0}
  m_ScaleInLightmap: 1
  m_ReceiveGI: 1
  m_PreserveUVs: 0
  m_IgnoreNormalsForChartDetection: 0
  m_ImportantGI: 0
  m_StitchLightmapSeams: 1
  m_SelectedEditorRenderState: 0
  m_MinimumChartSize: 4
  m_AutoUVMaxDistance: 0.5
  m_AutoUVMaxAngle: 89
  m_LightmapParameters: {fileID: 0}
  m_SortingLayerID: 0
  m_SortingLayer: 0
  m_SortingOrder: 0
  m_Sprite: {fileID: -8349813811910373333, guid: afed7f2afc489734b95c8b629f5e729a,
    type: 3}
  m_Color: {r: 1, g: 1, b: 1, a: 1}
  m_FlipX: 0
  m_FlipY: 0
  m_DrawMode: 0
  m_Size: {x: 0.16, y: 0.16}
  m_AdaptiveModeThreshold: 0.5
  m_SpriteTileMode: 0
  m_WasSpriteAssigned: 1
  m_MaskInteraction: 0
  m_SpriteSortPoint: 0
--- !u!222 &4525957403100772915
CanvasRenderer:
  m_ObjectHideFlags: 0
  m_CorrespondingSourceObject: {fileID: 0}
  m_PrefabInstance: {fileID: 0}
  m_PrefabAsset: {fileID: 0}
  m_GameObject: {fileID: 7121919683288835676}
  m_CullTransparentMesh: 0
--- !u!114 &728158770780326717
MonoBehaviour:
  m_ObjectHideFlags: 0
  m_CorrespondingSourceObject: {fileID: 0}
  m_PrefabInstance: {fileID: 0}
  m_PrefabAsset: {fileID: 0}
  m_GameObject: {fileID: 7121919683288835676}
  m_Enabled: 1
  m_EditorHideFlags: 0
  m_Script: {fileID: 11500000, guid: 2b1582c6e2cf1d44da8c5bc7253424c2, type: 3}
  m_Name: 
  m_EditorClassIdentifier: 
  questionController: {fileID: 0}
  isometricController: {fileID: 0}
  butText: {fileID: 1261369524433873709}
  isCorrectAns: 0
  buttonDirection: 
--- !u!1 &7360934080686237343
GameObject:
  m_ObjectHideFlags: 0
  m_CorrespondingSourceObject: {fileID: 0}
  m_PrefabInstance: {fileID: 0}
  m_PrefabAsset: {fileID: 0}
  serializedVersion: 6
  m_Component:
  - component: {fileID: 7360934080686237342}
  - component: {fileID: 8126114123029485847}
  - component: {fileID: 7360934080686237341}
  - component: {fileID: 6410071905064074396}
  m_Layer: 0
  m_Name: LeftSquare
  m_TagString: Untagged
  m_Icon: {fileID: 0}
  m_NavMeshLayer: 0
  m_StaticEditorFlags: 0
  m_IsActive: 1
--- !u!224 &7360934080686237342
RectTransform:
  m_ObjectHideFlags: 0
  m_CorrespondingSourceObject: {fileID: 0}
  m_PrefabInstance: {fileID: 0}
  m_PrefabAsset: {fileID: 0}
  m_GameObject: {fileID: 7360934080686237343}
  m_LocalRotation: {x: -0, y: -0, z: -0, w: 1}
  m_LocalPosition: {x: 0, y: 0, z: 0}
  m_LocalScale: {x: 1, y: 1, z: 1}
  m_Children:
  - {fileID: 8831169107052186864}
  m_Father: {fileID: 8655460251429111447}
  m_RootOrder: 3
  m_LocalEulerAnglesHint: {x: 0, y: 0, z: 0}
  m_AnchorMin: {x: 0.5, y: 0.5}
  m_AnchorMax: {x: 0.5, y: 0.5}
  m_AnchoredPosition: {x: -2, y: 0}
  m_SizeDelta: {x: 1.28, y: 1.28}
  m_Pivot: {x: 0.5, y: 0.5}
--- !u!212 &8126114123029485847
SpriteRenderer:
  m_ObjectHideFlags: 0
  m_CorrespondingSourceObject: {fileID: 0}
  m_PrefabInstance: {fileID: 0}
  m_PrefabAsset: {fileID: 0}
  m_GameObject: {fileID: 7360934080686237343}
  m_Enabled: 1
  m_CastShadows: 0
  m_ReceiveShadows: 0
  m_DynamicOccludee: 1
  m_MotionVectors: 1
  m_LightProbeUsage: 1
  m_ReflectionProbeUsage: 1
  m_RayTracingMode: 0
  m_RenderingLayerMask: 1
  m_RendererPriority: 0
  m_Materials:
  - {fileID: 10754, guid: 0000000000000000f000000000000000, type: 0}
  m_StaticBatchInfo:
    firstSubMesh: 0
    subMeshCount: 0
  m_StaticBatchRoot: {fileID: 0}
  m_ProbeAnchor: {fileID: 0}
  m_LightProbeVolumeOverride: {fileID: 0}
  m_ScaleInLightmap: 1
  m_ReceiveGI: 1
  m_PreserveUVs: 0
  m_IgnoreNormalsForChartDetection: 0
  m_ImportantGI: 0
  m_StitchLightmapSeams: 1
  m_SelectedEditorRenderState: 0
  m_MinimumChartSize: 4
  m_AutoUVMaxDistance: 0.5
  m_AutoUVMaxAngle: 89
  m_LightmapParameters: {fileID: 0}
  m_SortingLayerID: 0
  m_SortingLayer: 0
  m_SortingOrder: 0
  m_Sprite: {fileID: -2075343139444904777, guid: 36e7c57b0daea1646a79a2e5bae31fde,
    type: 3}
  m_Color: {r: 1, g: 1, b: 1, a: 1}
  m_FlipX: 0
  m_FlipY: 0
  m_DrawMode: 0
  m_Size: {x: 0.16, y: 0.16}
  m_AdaptiveModeThreshold: 0.5
  m_SpriteTileMode: 0
  m_WasSpriteAssigned: 1
  m_MaskInteraction: 0
  m_SpriteSortPoint: 0
--- !u!222 &7360934080686237341
CanvasRenderer:
  m_ObjectHideFlags: 0
  m_CorrespondingSourceObject: {fileID: 0}
  m_PrefabInstance: {fileID: 0}
  m_PrefabAsset: {fileID: 0}
  m_GameObject: {fileID: 7360934080686237343}
  m_CullTransparentMesh: 0
--- !u!114 &6410071905064074396
MonoBehaviour:
  m_ObjectHideFlags: 0
  m_CorrespondingSourceObject: {fileID: 0}
  m_PrefabInstance: {fileID: 0}
  m_PrefabAsset: {fileID: 0}
  m_GameObject: {fileID: 7360934080686237343}
  m_Enabled: 1
  m_EditorHideFlags: 0
  m_Script: {fileID: 11500000, guid: 2b1582c6e2cf1d44da8c5bc7253424c2, type: 3}
  m_Name: 
  m_EditorClassIdentifier: 
  questionController: {fileID: 0}
  isometricController: {fileID: 0}
  butText: {fileID: 477474069066389247}
  isCorrectAns: 0
  buttonDirection: 
--- !u!1 &7564460367921521072
GameObject:
  m_ObjectHideFlags: 0
  m_CorrespondingSourceObject: {fileID: 0}
  m_PrefabInstance: {fileID: 0}
  m_PrefabAsset: {fileID: 0}
  serializedVersion: 6
  m_Component:
  - component: {fileID: 4599452482382258340}
  - component: {fileID: 8252442331003731839}
  - component: {fileID: 1932288272940717025}
  m_Layer: 0
  m_Name: Tilemap
  m_TagString: Untagged
  m_Icon: {fileID: 0}
  m_NavMeshLayer: 0
  m_StaticEditorFlags: 0
  m_IsActive: 1
--- !u!4 &4599452482382258340
Transform:
  m_ObjectHideFlags: 0
  m_CorrespondingSourceObject: {fileID: 0}
  m_PrefabInstance: {fileID: 0}
  m_PrefabAsset: {fileID: 0}
  m_GameObject: {fileID: 7564460367921521072}
  m_LocalRotation: {x: -0, y: -0, z: -0, w: 1}
  m_LocalPosition: {x: 0, y: 0, z: 12}
  m_LocalScale: {x: 1, y: 1, z: 1}
  m_Children: []
  m_Father: {fileID: 2368960972000896383}
  m_RootOrder: 0
  m_LocalEulerAnglesHint: {x: 0, y: 0, z: 0}
--- !u!1839735485 &8252442331003731839
Tilemap:
  m_ObjectHideFlags: 0
  m_CorrespondingSourceObject: {fileID: 0}
  m_PrefabInstance: {fileID: 0}
  m_PrefabAsset: {fileID: 0}
  m_GameObject: {fileID: 7564460367921521072}
  m_Enabled: 1
  m_Tiles:
  - first: {x: -7, y: -4, z: 0}
    second:
      serializedVersion: 2
      m_TileIndex: 4
      m_TileSpriteIndex: 5
      m_TileMatrixIndex: 0
      m_TileColorIndex: 3
      m_TileObjectToInstantiateIndex: 65535
      dummyAlignment: 0
      m_AllTileFlags: 1073741825
  - first: {x: -6, y: -4, z: 0}
    second:
      serializedVersion: 2
      m_TileIndex: 4
      m_TileSpriteIndex: 5
      m_TileMatrixIndex: 0
      m_TileColorIndex: 3
      m_TileObjectToInstantiateIndex: 65535
      dummyAlignment: 0
      m_AllTileFlags: 1073741825
  - first: {x: -5, y: -4, z: 0}
    second:
      serializedVersion: 2
      m_TileIndex: 4
      m_TileSpriteIndex: 5
      m_TileMatrixIndex: 0
      m_TileColorIndex: 3
      m_TileObjectToInstantiateIndex: 65535
      dummyAlignment: 0
      m_AllTileFlags: 1073741825
  - first: {x: -4, y: -4, z: 0}
    second:
      serializedVersion: 2
      m_TileIndex: 4
      m_TileSpriteIndex: 5
      m_TileMatrixIndex: 0
      m_TileColorIndex: 3
      m_TileObjectToInstantiateIndex: 65535
      dummyAlignment: 0
      m_AllTileFlags: 1073741825
  - first: {x: -3, y: -4, z: 0}
    second:
      serializedVersion: 2
      m_TileIndex: 4
      m_TileSpriteIndex: 5
      m_TileMatrixIndex: 0
      m_TileColorIndex: 3
      m_TileObjectToInstantiateIndex: 65535
      dummyAlignment: 0
      m_AllTileFlags: 1073741825
  - first: {x: -2, y: -4, z: 0}
    second:
      serializedVersion: 2
      m_TileIndex: 4
      m_TileSpriteIndex: 5
      m_TileMatrixIndex: 0
      m_TileColorIndex: 3
      m_TileObjectToInstantiateIndex: 65535
      dummyAlignment: 0
      m_AllTileFlags: 1073741825
  - first: {x: -1, y: -4, z: 0}
    second:
      serializedVersion: 2
      m_TileIndex: 7
      m_TileSpriteIndex: 7
      m_TileMatrixIndex: 0
      m_TileColorIndex: 3
      m_TileObjectToInstantiateIndex: 65535
      dummyAlignment: 0
      m_AllTileFlags: 1073741825
  - first: {x: 0, y: -4, z: 0}
    second:
      serializedVersion: 2
      m_TileIndex: 7
      m_TileSpriteIndex: 7
      m_TileMatrixIndex: 0
      m_TileColorIndex: 3
      m_TileObjectToInstantiateIndex: 65535
      dummyAlignment: 0
      m_AllTileFlags: 1073741825
  - first: {x: 1, y: -4, z: 0}
    second:
      serializedVersion: 2
      m_TileIndex: 4
      m_TileSpriteIndex: 5
      m_TileMatrixIndex: 0
      m_TileColorIndex: 3
      m_TileObjectToInstantiateIndex: 65535
      dummyAlignment: 0
      m_AllTileFlags: 1073741825
  - first: {x: 2, y: -4, z: 0}
    second:
      serializedVersion: 2
      m_TileIndex: 4
      m_TileSpriteIndex: 5
      m_TileMatrixIndex: 0
      m_TileColorIndex: 3
      m_TileObjectToInstantiateIndex: 65535
      dummyAlignment: 0
      m_AllTileFlags: 1073741825
  - first: {x: 3, y: -4, z: 0}
    second:
      serializedVersion: 2
      m_TileIndex: 4
      m_TileSpriteIndex: 5
      m_TileMatrixIndex: 0
      m_TileColorIndex: 3
      m_TileObjectToInstantiateIndex: 65535
      dummyAlignment: 0
      m_AllTileFlags: 1073741825
  - first: {x: 4, y: -4, z: 0}
    second:
      serializedVersion: 2
      m_TileIndex: 4
      m_TileSpriteIndex: 5
      m_TileMatrixIndex: 0
      m_TileColorIndex: 3
      m_TileObjectToInstantiateIndex: 65535
      dummyAlignment: 0
      m_AllTileFlags: 1073741825
  - first: {x: 5, y: -4, z: 0}
    second:
      serializedVersion: 2
      m_TileIndex: 4
      m_TileSpriteIndex: 5
      m_TileMatrixIndex: 0
      m_TileColorIndex: 3
      m_TileObjectToInstantiateIndex: 65535
      dummyAlignment: 0
      m_AllTileFlags: 1073741825
  - first: {x: 6, y: -4, z: 0}
    second:
      serializedVersion: 2
      m_TileIndex: 4
      m_TileSpriteIndex: 5
      m_TileMatrixIndex: 0
      m_TileColorIndex: 3
      m_TileObjectToInstantiateIndex: 65535
      dummyAlignment: 0
      m_AllTileFlags: 1073741825
  - first: {x: -7, y: -3, z: 0}
    second:
      serializedVersion: 2
      m_TileIndex: 4
      m_TileSpriteIndex: 5
      m_TileMatrixIndex: 0
      m_TileColorIndex: 3
      m_TileObjectToInstantiateIndex: 65535
      dummyAlignment: 0
      m_AllTileFlags: 1073741825
  - first: {x: -6, y: -3, z: 0}
    second:
      serializedVersion: 2
      m_TileIndex: 4
      m_TileSpriteIndex: 5
      m_TileMatrixIndex: 0
      m_TileColorIndex: 3
      m_TileObjectToInstantiateIndex: 65535
      dummyAlignment: 0
      m_AllTileFlags: 1073741825
  - first: {x: -5, y: -3, z: 0}
    second:
      serializedVersion: 2
      m_TileIndex: 4
      m_TileSpriteIndex: 5
      m_TileMatrixIndex: 0
      m_TileColorIndex: 3
      m_TileObjectToInstantiateIndex: 65535
      dummyAlignment: 0
      m_AllTileFlags: 1073741825
  - first: {x: -4, y: -3, z: 0}
    second:
      serializedVersion: 2
      m_TileIndex: 4
      m_TileSpriteIndex: 5
      m_TileMatrixIndex: 0
      m_TileColorIndex: 3
      m_TileObjectToInstantiateIndex: 65535
      dummyAlignment: 0
      m_AllTileFlags: 1073741825
  - first: {x: -3, y: -3, z: 0}
    second:
      serializedVersion: 2
      m_TileIndex: 4
      m_TileSpriteIndex: 5
      m_TileMatrixIndex: 0
      m_TileColorIndex: 3
      m_TileObjectToInstantiateIndex: 65535
      dummyAlignment: 0
      m_AllTileFlags: 1073741825
  - first: {x: -2, y: -3, z: 0}
    second:
      serializedVersion: 2
      m_TileIndex: 4
      m_TileSpriteIndex: 5
      m_TileMatrixIndex: 0
      m_TileColorIndex: 3
      m_TileObjectToInstantiateIndex: 65535
      dummyAlignment: 0
      m_AllTileFlags: 1073741825
  - first: {x: -1, y: -3, z: 0}
    second:
      serializedVersion: 2
      m_TileIndex: 7
      m_TileSpriteIndex: 7
      m_TileMatrixIndex: 0
      m_TileColorIndex: 3
      m_TileObjectToInstantiateIndex: 65535
      dummyAlignment: 0
      m_AllTileFlags: 1073741825
  - first: {x: 0, y: -3, z: 0}
    second:
      serializedVersion: 2
      m_TileIndex: 7
      m_TileSpriteIndex: 7
      m_TileMatrixIndex: 0
      m_TileColorIndex: 3
      m_TileObjectToInstantiateIndex: 65535
      dummyAlignment: 0
      m_AllTileFlags: 1073741825
  - first: {x: 1, y: -3, z: 0}
    second:
      serializedVersion: 2
      m_TileIndex: 4
      m_TileSpriteIndex: 5
      m_TileMatrixIndex: 0
      m_TileColorIndex: 3
      m_TileObjectToInstantiateIndex: 65535
      dummyAlignment: 0
      m_AllTileFlags: 1073741825
  - first: {x: 2, y: -3, z: 0}
    second:
      serializedVersion: 2
      m_TileIndex: 4
      m_TileSpriteIndex: 5
      m_TileMatrixIndex: 0
      m_TileColorIndex: 3
      m_TileObjectToInstantiateIndex: 65535
      dummyAlignment: 0
      m_AllTileFlags: 1073741825
  - first: {x: 3, y: -3, z: 0}
    second:
      serializedVersion: 2
      m_TileIndex: 4
      m_TileSpriteIndex: 5
      m_TileMatrixIndex: 0
      m_TileColorIndex: 3
      m_TileObjectToInstantiateIndex: 65535
      dummyAlignment: 0
      m_AllTileFlags: 1073741825
  - first: {x: 4, y: -3, z: 0}
    second:
      serializedVersion: 2
      m_TileIndex: 4
      m_TileSpriteIndex: 5
      m_TileMatrixIndex: 0
      m_TileColorIndex: 3
      m_TileObjectToInstantiateIndex: 65535
      dummyAlignment: 0
      m_AllTileFlags: 1073741825
  - first: {x: 5, y: -3, z: 0}
    second:
      serializedVersion: 2
      m_TileIndex: 4
      m_TileSpriteIndex: 5
      m_TileMatrixIndex: 0
      m_TileColorIndex: 3
      m_TileObjectToInstantiateIndex: 65535
      dummyAlignment: 0
      m_AllTileFlags: 1073741825
  - first: {x: 6, y: -3, z: 0}
    second:
      serializedVersion: 2
      m_TileIndex: 4
      m_TileSpriteIndex: 5
      m_TileMatrixIndex: 0
      m_TileColorIndex: 3
      m_TileObjectToInstantiateIndex: 65535
      dummyAlignment: 0
      m_AllTileFlags: 1073741825
  - first: {x: -7, y: -2, z: 0}
    second:
      serializedVersion: 2
      m_TileIndex: 4
      m_TileSpriteIndex: 5
      m_TileMatrixIndex: 0
      m_TileColorIndex: 3
      m_TileObjectToInstantiateIndex: 65535
      dummyAlignment: 0
      m_AllTileFlags: 1073741825
  - first: {x: -6, y: -2, z: 0}
    second:
      serializedVersion: 2
      m_TileIndex: 4
      m_TileSpriteIndex: 5
      m_TileMatrixIndex: 0
      m_TileColorIndex: 3
      m_TileObjectToInstantiateIndex: 65535
      dummyAlignment: 0
      m_AllTileFlags: 1073741825
  - first: {x: -5, y: -2, z: 0}
    second:
      serializedVersion: 2
      m_TileIndex: 4
      m_TileSpriteIndex: 5
      m_TileMatrixIndex: 0
      m_TileColorIndex: 3
      m_TileObjectToInstantiateIndex: 65535
      dummyAlignment: 0
      m_AllTileFlags: 1073741825
  - first: {x: -4, y: -2, z: 0}
    second:
      serializedVersion: 2
      m_TileIndex: 4
      m_TileSpriteIndex: 5
      m_TileMatrixIndex: 0
      m_TileColorIndex: 3
      m_TileObjectToInstantiateIndex: 65535
      dummyAlignment: 0
      m_AllTileFlags: 1073741825
  - first: {x: -3, y: -2, z: 0}
    second:
      serializedVersion: 2
      m_TileIndex: 4
      m_TileSpriteIndex: 5
      m_TileMatrixIndex: 0
      m_TileColorIndex: 3
      m_TileObjectToInstantiateIndex: 65535
      dummyAlignment: 0
      m_AllTileFlags: 1073741825
  - first: {x: -2, y: -2, z: 0}
    second:
      serializedVersion: 2
      m_TileIndex: 4
      m_TileSpriteIndex: 5
      m_TileMatrixIndex: 0
      m_TileColorIndex: 3
      m_TileObjectToInstantiateIndex: 65535
      dummyAlignment: 0
      m_AllTileFlags: 1073741825
  - first: {x: -1, y: -2, z: 0}
    second:
      serializedVersion: 2
      m_TileIndex: 7
      m_TileSpriteIndex: 7
      m_TileMatrixIndex: 0
      m_TileColorIndex: 3
      m_TileObjectToInstantiateIndex: 65535
      dummyAlignment: 0
      m_AllTileFlags: 1073741825
  - first: {x: 0, y: -2, z: 0}
    second:
      serializedVersion: 2
      m_TileIndex: 7
      m_TileSpriteIndex: 7
      m_TileMatrixIndex: 0
      m_TileColorIndex: 3
      m_TileObjectToInstantiateIndex: 65535
      dummyAlignment: 0
      m_AllTileFlags: 1073741825
  - first: {x: 1, y: -2, z: 0}
    second:
      serializedVersion: 2
      m_TileIndex: 4
      m_TileSpriteIndex: 5
      m_TileMatrixIndex: 0
      m_TileColorIndex: 3
      m_TileObjectToInstantiateIndex: 65535
      dummyAlignment: 0
      m_AllTileFlags: 1073741825
  - first: {x: 2, y: -2, z: 0}
    second:
      serializedVersion: 2
      m_TileIndex: 4
      m_TileSpriteIndex: 5
      m_TileMatrixIndex: 0
      m_TileColorIndex: 3
      m_TileObjectToInstantiateIndex: 65535
      dummyAlignment: 0
      m_AllTileFlags: 1073741825
  - first: {x: 3, y: -2, z: 0}
    second:
      serializedVersion: 2
      m_TileIndex: 4
      m_TileSpriteIndex: 5
      m_TileMatrixIndex: 0
      m_TileColorIndex: 3
      m_TileObjectToInstantiateIndex: 65535
      dummyAlignment: 0
      m_AllTileFlags: 1073741825
  - first: {x: 4, y: -2, z: 0}
    second:
      serializedVersion: 2
      m_TileIndex: 4
      m_TileSpriteIndex: 5
      m_TileMatrixIndex: 0
      m_TileColorIndex: 3
      m_TileObjectToInstantiateIndex: 65535
      dummyAlignment: 0
      m_AllTileFlags: 1073741825
  - first: {x: 5, y: -2, z: 0}
    second:
      serializedVersion: 2
      m_TileIndex: 4
      m_TileSpriteIndex: 5
      m_TileMatrixIndex: 0
      m_TileColorIndex: 3
      m_TileObjectToInstantiateIndex: 65535
      dummyAlignment: 0
      m_AllTileFlags: 1073741825
  - first: {x: 6, y: -2, z: 0}
    second:
      serializedVersion: 2
      m_TileIndex: 4
      m_TileSpriteIndex: 5
      m_TileMatrixIndex: 0
      m_TileColorIndex: 3
      m_TileObjectToInstantiateIndex: 65535
      dummyAlignment: 0
      m_AllTileFlags: 1073741825
  - first: {x: -7, y: -1, z: 0}
    second:
      serializedVersion: 2
      m_TileIndex: 7
      m_TileSpriteIndex: 7
      m_TileMatrixIndex: 0
      m_TileColorIndex: 3
      m_TileObjectToInstantiateIndex: 65535
      dummyAlignment: 0
      m_AllTileFlags: 1073741825
  - first: {x: -6, y: -1, z: 0}
    second:
      serializedVersion: 2
      m_TileIndex: 7
      m_TileSpriteIndex: 7
      m_TileMatrixIndex: 0
      m_TileColorIndex: 3
      m_TileObjectToInstantiateIndex: 65535
      dummyAlignment: 0
      m_AllTileFlags: 1073741825
  - first: {x: -5, y: -1, z: 0}
    second:
      serializedVersion: 2
      m_TileIndex: 7
      m_TileSpriteIndex: 7
      m_TileMatrixIndex: 0
      m_TileColorIndex: 3
      m_TileObjectToInstantiateIndex: 65535
      dummyAlignment: 0
      m_AllTileFlags: 1073741825
  - first: {x: -4, y: -1, z: 0}
    second:
      serializedVersion: 2
      m_TileIndex: 7
      m_TileSpriteIndex: 7
      m_TileMatrixIndex: 0
      m_TileColorIndex: 3
      m_TileObjectToInstantiateIndex: 65535
      dummyAlignment: 0
      m_AllTileFlags: 1073741825
  - first: {x: -3, y: -1, z: 0}
    second:
      serializedVersion: 2
      m_TileIndex: 7
      m_TileSpriteIndex: 7
      m_TileMatrixIndex: 0
      m_TileColorIndex: 3
      m_TileObjectToInstantiateIndex: 65535
      dummyAlignment: 0
      m_AllTileFlags: 1073741825
  - first: {x: -2, y: -1, z: 0}
    second:
      serializedVersion: 2
      m_TileIndex: 7
      m_TileSpriteIndex: 7
      m_TileMatrixIndex: 0
      m_TileColorIndex: 3
      m_TileObjectToInstantiateIndex: 65535
      dummyAlignment: 0
      m_AllTileFlags: 1073741825
  - first: {x: -1, y: -1, z: 0}
    second:
      serializedVersion: 2
      m_TileIndex: 7
      m_TileSpriteIndex: 7
      m_TileMatrixIndex: 0
      m_TileColorIndex: 3
      m_TileObjectToInstantiateIndex: 65535
      dummyAlignment: 0
      m_AllTileFlags: 1073741825
  - first: {x: 0, y: -1, z: 0}
    second:
      serializedVersion: 2
      m_TileIndex: 7
      m_TileSpriteIndex: 7
      m_TileMatrixIndex: 0
      m_TileColorIndex: 3
      m_TileObjectToInstantiateIndex: 65535
      dummyAlignment: 0
      m_AllTileFlags: 1073741825
  - first: {x: 1, y: -1, z: 0}
    second:
      serializedVersion: 2
      m_TileIndex: 7
      m_TileSpriteIndex: 7
      m_TileMatrixIndex: 0
      m_TileColorIndex: 3
      m_TileObjectToInstantiateIndex: 65535
      dummyAlignment: 0
      m_AllTileFlags: 1073741825
  - first: {x: 2, y: -1, z: 0}
    second:
      serializedVersion: 2
      m_TileIndex: 7
      m_TileSpriteIndex: 7
      m_TileMatrixIndex: 0
      m_TileColorIndex: 3
      m_TileObjectToInstantiateIndex: 65535
      dummyAlignment: 0
      m_AllTileFlags: 1073741825
  - first: {x: 3, y: -1, z: 0}
    second:
      serializedVersion: 2
      m_TileIndex: 7
      m_TileSpriteIndex: 7
      m_TileMatrixIndex: 0
      m_TileColorIndex: 3
      m_TileObjectToInstantiateIndex: 65535
      dummyAlignment: 0
      m_AllTileFlags: 1073741825
  - first: {x: 4, y: -1, z: 0}
    second:
      serializedVersion: 2
      m_TileIndex: 7
      m_TileSpriteIndex: 7
      m_TileMatrixIndex: 0
      m_TileColorIndex: 3
      m_TileObjectToInstantiateIndex: 65535
      dummyAlignment: 0
      m_AllTileFlags: 1073741825
  - first: {x: 5, y: -1, z: 0}
    second:
      serializedVersion: 2
      m_TileIndex: 7
      m_TileSpriteIndex: 7
      m_TileMatrixIndex: 0
      m_TileColorIndex: 3
      m_TileObjectToInstantiateIndex: 65535
      dummyAlignment: 0
      m_AllTileFlags: 1073741825
  - first: {x: 6, y: -1, z: 0}
    second:
      serializedVersion: 2
      m_TileIndex: 7
      m_TileSpriteIndex: 7
      m_TileMatrixIndex: 0
      m_TileColorIndex: 3
      m_TileObjectToInstantiateIndex: 65535
      dummyAlignment: 0
      m_AllTileFlags: 1073741825
  - first: {x: -7, y: 0, z: 0}
    second:
      serializedVersion: 2
      m_TileIndex: 7
      m_TileSpriteIndex: 7
      m_TileMatrixIndex: 0
      m_TileColorIndex: 3
      m_TileObjectToInstantiateIndex: 65535
      dummyAlignment: 0
      m_AllTileFlags: 1073741825
  - first: {x: -6, y: 0, z: 0}
    second:
      serializedVersion: 2
      m_TileIndex: 7
      m_TileSpriteIndex: 7
      m_TileMatrixIndex: 0
      m_TileColorIndex: 3
      m_TileObjectToInstantiateIndex: 65535
      dummyAlignment: 0
      m_AllTileFlags: 1073741825
  - first: {x: -5, y: 0, z: 0}
    second:
      serializedVersion: 2
      m_TileIndex: 7
      m_TileSpriteIndex: 7
      m_TileMatrixIndex: 0
      m_TileColorIndex: 3
      m_TileObjectToInstantiateIndex: 65535
      dummyAlignment: 0
      m_AllTileFlags: 1073741825
  - first: {x: -4, y: 0, z: 0}
    second:
      serializedVersion: 2
      m_TileIndex: 7
      m_TileSpriteIndex: 7
      m_TileMatrixIndex: 0
      m_TileColorIndex: 3
      m_TileObjectToInstantiateIndex: 65535
      dummyAlignment: 0
      m_AllTileFlags: 1073741825
  - first: {x: -3, y: 0, z: 0}
    second:
      serializedVersion: 2
      m_TileIndex: 7
      m_TileSpriteIndex: 7
      m_TileMatrixIndex: 0
      m_TileColorIndex: 3
      m_TileObjectToInstantiateIndex: 65535
      dummyAlignment: 0
      m_AllTileFlags: 1073741825
  - first: {x: -2, y: 0, z: 0}
    second:
      serializedVersion: 2
      m_TileIndex: 7
      m_TileSpriteIndex: 7
      m_TileMatrixIndex: 0
      m_TileColorIndex: 3
      m_TileObjectToInstantiateIndex: 65535
      dummyAlignment: 0
      m_AllTileFlags: 1073741825
  - first: {x: -1, y: 0, z: 0}
    second:
      serializedVersion: 2
      m_TileIndex: 7
      m_TileSpriteIndex: 7
      m_TileMatrixIndex: 0
      m_TileColorIndex: 3
      m_TileObjectToInstantiateIndex: 65535
      dummyAlignment: 0
      m_AllTileFlags: 1073741825
  - first: {x: 0, y: 0, z: 0}
    second:
      serializedVersion: 2
      m_TileIndex: 7
      m_TileSpriteIndex: 7
      m_TileMatrixIndex: 0
      m_TileColorIndex: 3
      m_TileObjectToInstantiateIndex: 65535
      dummyAlignment: 0
      m_AllTileFlags: 1073741825
  - first: {x: 1, y: 0, z: 0}
    second:
      serializedVersion: 2
      m_TileIndex: 7
      m_TileSpriteIndex: 7
      m_TileMatrixIndex: 0
      m_TileColorIndex: 3
      m_TileObjectToInstantiateIndex: 65535
      dummyAlignment: 0
      m_AllTileFlags: 1073741825
  - first: {x: 2, y: 0, z: 0}
    second:
      serializedVersion: 2
      m_TileIndex: 7
      m_TileSpriteIndex: 7
      m_TileMatrixIndex: 0
      m_TileColorIndex: 3
      m_TileObjectToInstantiateIndex: 65535
      dummyAlignment: 0
      m_AllTileFlags: 1073741825
  - first: {x: 3, y: 0, z: 0}
    second:
      serializedVersion: 2
      m_TileIndex: 7
      m_TileSpriteIndex: 7
      m_TileMatrixIndex: 0
      m_TileColorIndex: 3
      m_TileObjectToInstantiateIndex: 65535
      dummyAlignment: 0
      m_AllTileFlags: 1073741825
  - first: {x: 4, y: 0, z: 0}
    second:
      serializedVersion: 2
      m_TileIndex: 7
      m_TileSpriteIndex: 7
      m_TileMatrixIndex: 0
      m_TileColorIndex: 3
      m_TileObjectToInstantiateIndex: 65535
      dummyAlignment: 0
      m_AllTileFlags: 1073741825
  - first: {x: 5, y: 0, z: 0}
    second:
      serializedVersion: 2
      m_TileIndex: 7
      m_TileSpriteIndex: 7
      m_TileMatrixIndex: 0
      m_TileColorIndex: 3
      m_TileObjectToInstantiateIndex: 65535
      dummyAlignment: 0
      m_AllTileFlags: 1073741825
  - first: {x: 6, y: 0, z: 0}
    second:
      serializedVersion: 2
      m_TileIndex: 7
      m_TileSpriteIndex: 7
      m_TileMatrixIndex: 0
      m_TileColorIndex: 3
      m_TileObjectToInstantiateIndex: 65535
      dummyAlignment: 0
      m_AllTileFlags: 1073741825
  - first: {x: -7, y: 1, z: 0}
    second:
      serializedVersion: 2
      m_TileIndex: 4
      m_TileSpriteIndex: 5
      m_TileMatrixIndex: 0
      m_TileColorIndex: 3
      m_TileObjectToInstantiateIndex: 65535
      dummyAlignment: 0
      m_AllTileFlags: 1073741825
  - first: {x: -6, y: 1, z: 0}
    second:
      serializedVersion: 2
      m_TileIndex: 4
      m_TileSpriteIndex: 5
      m_TileMatrixIndex: 0
      m_TileColorIndex: 3
      m_TileObjectToInstantiateIndex: 65535
      dummyAlignment: 0
      m_AllTileFlags: 1073741825
  - first: {x: -5, y: 1, z: 0}
    second:
      serializedVersion: 2
      m_TileIndex: 4
      m_TileSpriteIndex: 5
      m_TileMatrixIndex: 0
      m_TileColorIndex: 3
      m_TileObjectToInstantiateIndex: 65535
      dummyAlignment: 0
      m_AllTileFlags: 1073741825
  - first: {x: -4, y: 1, z: 0}
    second:
      serializedVersion: 2
      m_TileIndex: 4
      m_TileSpriteIndex: 5
      m_TileMatrixIndex: 0
      m_TileColorIndex: 3
      m_TileObjectToInstantiateIndex: 65535
      dummyAlignment: 0
      m_AllTileFlags: 1073741825
  - first: {x: -3, y: 1, z: 0}
    second:
      serializedVersion: 2
      m_TileIndex: 4
      m_TileSpriteIndex: 5
      m_TileMatrixIndex: 0
      m_TileColorIndex: 3
      m_TileObjectToInstantiateIndex: 65535
      dummyAlignment: 0
      m_AllTileFlags: 1073741825
  - first: {x: -2, y: 1, z: 0}
    second:
      serializedVersion: 2
      m_TileIndex: 4
      m_TileSpriteIndex: 5
      m_TileMatrixIndex: 0
      m_TileColorIndex: 3
      m_TileObjectToInstantiateIndex: 65535
      dummyAlignment: 0
      m_AllTileFlags: 1073741825
  - first: {x: -1, y: 1, z: 0}
    second:
      serializedVersion: 2
      m_TileIndex: 7
      m_TileSpriteIndex: 7
      m_TileMatrixIndex: 0
      m_TileColorIndex: 3
      m_TileObjectToInstantiateIndex: 65535
      dummyAlignment: 0
      m_AllTileFlags: 1073741825
  - first: {x: 0, y: 1, z: 0}
    second:
      serializedVersion: 2
      m_TileIndex: 7
      m_TileSpriteIndex: 7
      m_TileMatrixIndex: 0
      m_TileColorIndex: 3
      m_TileObjectToInstantiateIndex: 65535
      dummyAlignment: 0
      m_AllTileFlags: 1073741825
  - first: {x: 1, y: 1, z: 0}
    second:
      serializedVersion: 2
      m_TileIndex: 4
      m_TileSpriteIndex: 5
      m_TileMatrixIndex: 0
      m_TileColorIndex: 3
      m_TileObjectToInstantiateIndex: 65535
      dummyAlignment: 0
      m_AllTileFlags: 1073741825
  - first: {x: 2, y: 1, z: 0}
    second:
      serializedVersion: 2
      m_TileIndex: 4
      m_TileSpriteIndex: 5
      m_TileMatrixIndex: 0
      m_TileColorIndex: 3
      m_TileObjectToInstantiateIndex: 65535
      dummyAlignment: 0
      m_AllTileFlags: 1073741825
  - first: {x: 3, y: 1, z: 0}
    second:
      serializedVersion: 2
      m_TileIndex: 4
      m_TileSpriteIndex: 5
      m_TileMatrixIndex: 0
      m_TileColorIndex: 3
      m_TileObjectToInstantiateIndex: 65535
      dummyAlignment: 0
      m_AllTileFlags: 1073741825
  - first: {x: 4, y: 1, z: 0}
    second:
      serializedVersion: 2
      m_TileIndex: 4
      m_TileSpriteIndex: 5
      m_TileMatrixIndex: 0
      m_TileColorIndex: 3
      m_TileObjectToInstantiateIndex: 65535
      dummyAlignment: 0
      m_AllTileFlags: 1073741825
  - first: {x: 5, y: 1, z: 0}
    second:
      serializedVersion: 2
      m_TileIndex: 4
      m_TileSpriteIndex: 5
      m_TileMatrixIndex: 0
      m_TileColorIndex: 3
      m_TileObjectToInstantiateIndex: 65535
      dummyAlignment: 0
      m_AllTileFlags: 1073741825
  - first: {x: 6, y: 1, z: 0}
    second:
      serializedVersion: 2
      m_TileIndex: 4
      m_TileSpriteIndex: 5
      m_TileMatrixIndex: 0
      m_TileColorIndex: 3
      m_TileObjectToInstantiateIndex: 65535
      dummyAlignment: 0
      m_AllTileFlags: 1073741825
  - first: {x: -7, y: 2, z: 0}
    second:
      serializedVersion: 2
      m_TileIndex: 4
      m_TileSpriteIndex: 5
      m_TileMatrixIndex: 0
      m_TileColorIndex: 3
      m_TileObjectToInstantiateIndex: 65535
      dummyAlignment: 0
      m_AllTileFlags: 1073741825
  - first: {x: -6, y: 2, z: 0}
    second:
      serializedVersion: 2
      m_TileIndex: 4
      m_TileSpriteIndex: 5
      m_TileMatrixIndex: 0
      m_TileColorIndex: 3
      m_TileObjectToInstantiateIndex: 65535
      dummyAlignment: 0
      m_AllTileFlags: 1073741825
  - first: {x: -5, y: 2, z: 0}
    second:
      serializedVersion: 2
      m_TileIndex: 4
      m_TileSpriteIndex: 5
      m_TileMatrixIndex: 0
      m_TileColorIndex: 3
      m_TileObjectToInstantiateIndex: 65535
      dummyAlignment: 0
      m_AllTileFlags: 1073741825
  - first: {x: -4, y: 2, z: 0}
    second:
      serializedVersion: 2
      m_TileIndex: 4
      m_TileSpriteIndex: 5
      m_TileMatrixIndex: 0
      m_TileColorIndex: 3
      m_TileObjectToInstantiateIndex: 65535
      dummyAlignment: 0
      m_AllTileFlags: 1073741825
  - first: {x: -3, y: 2, z: 0}
    second:
      serializedVersion: 2
      m_TileIndex: 4
      m_TileSpriteIndex: 5
      m_TileMatrixIndex: 0
      m_TileColorIndex: 3
      m_TileObjectToInstantiateIndex: 65535
      dummyAlignment: 0
      m_AllTileFlags: 1073741825
  - first: {x: -2, y: 2, z: 0}
    second:
      serializedVersion: 2
      m_TileIndex: 4
      m_TileSpriteIndex: 5
      m_TileMatrixIndex: 0
      m_TileColorIndex: 3
      m_TileObjectToInstantiateIndex: 65535
      dummyAlignment: 0
      m_AllTileFlags: 1073741825
  - first: {x: -1, y: 2, z: 0}
    second:
      serializedVersion: 2
      m_TileIndex: 7
      m_TileSpriteIndex: 7
      m_TileMatrixIndex: 0
      m_TileColorIndex: 3
      m_TileObjectToInstantiateIndex: 65535
      dummyAlignment: 0
      m_AllTileFlags: 1073741825
  - first: {x: 0, y: 2, z: 0}
    second:
      serializedVersion: 2
      m_TileIndex: 7
      m_TileSpriteIndex: 7
      m_TileMatrixIndex: 0
      m_TileColorIndex: 3
      m_TileObjectToInstantiateIndex: 65535
      dummyAlignment: 0
      m_AllTileFlags: 1073741825
  - first: {x: 1, y: 2, z: 0}
    second:
      serializedVersion: 2
      m_TileIndex: 4
      m_TileSpriteIndex: 5
      m_TileMatrixIndex: 0
      m_TileColorIndex: 3
      m_TileObjectToInstantiateIndex: 65535
      dummyAlignment: 0
      m_AllTileFlags: 1073741825
  - first: {x: 2, y: 2, z: 0}
    second:
      serializedVersion: 2
      m_TileIndex: 4
      m_TileSpriteIndex: 5
      m_TileMatrixIndex: 0
      m_TileColorIndex: 3
      m_TileObjectToInstantiateIndex: 65535
      dummyAlignment: 0
      m_AllTileFlags: 1073741825
  - first: {x: 3, y: 2, z: 0}
    second:
      serializedVersion: 2
      m_TileIndex: 4
      m_TileSpriteIndex: 5
      m_TileMatrixIndex: 0
      m_TileColorIndex: 3
      m_TileObjectToInstantiateIndex: 65535
      dummyAlignment: 0
      m_AllTileFlags: 1073741825
  - first: {x: 4, y: 2, z: 0}
    second:
      serializedVersion: 2
      m_TileIndex: 4
      m_TileSpriteIndex: 5
      m_TileMatrixIndex: 0
      m_TileColorIndex: 3
      m_TileObjectToInstantiateIndex: 65535
      dummyAlignment: 0
      m_AllTileFlags: 1073741825
  - first: {x: 5, y: 2, z: 0}
    second:
      serializedVersion: 2
      m_TileIndex: 4
      m_TileSpriteIndex: 5
      m_TileMatrixIndex: 0
      m_TileColorIndex: 3
      m_TileObjectToInstantiateIndex: 65535
      dummyAlignment: 0
      m_AllTileFlags: 1073741825
  - first: {x: 6, y: 2, z: 0}
    second:
      serializedVersion: 2
      m_TileIndex: 4
      m_TileSpriteIndex: 5
      m_TileMatrixIndex: 0
      m_TileColorIndex: 3
      m_TileObjectToInstantiateIndex: 65535
      dummyAlignment: 0
      m_AllTileFlags: 1073741825
  - first: {x: -7, y: 3, z: 0}
    second:
      serializedVersion: 2
      m_TileIndex: 4
      m_TileSpriteIndex: 5
      m_TileMatrixIndex: 0
      m_TileColorIndex: 3
      m_TileObjectToInstantiateIndex: 65535
      dummyAlignment: 0
      m_AllTileFlags: 1073741825
  - first: {x: -6, y: 3, z: 0}
    second:
      serializedVersion: 2
      m_TileIndex: 4
      m_TileSpriteIndex: 5
      m_TileMatrixIndex: 0
      m_TileColorIndex: 3
      m_TileObjectToInstantiateIndex: 65535
      dummyAlignment: 0
      m_AllTileFlags: 1073741825
  - first: {x: -5, y: 3, z: 0}
    second:
      serializedVersion: 2
      m_TileIndex: 4
      m_TileSpriteIndex: 5
      m_TileMatrixIndex: 0
      m_TileColorIndex: 3
      m_TileObjectToInstantiateIndex: 65535
      dummyAlignment: 0
      m_AllTileFlags: 1073741825
  - first: {x: -4, y: 3, z: 0}
    second:
      serializedVersion: 2
      m_TileIndex: 4
      m_TileSpriteIndex: 5
      m_TileMatrixIndex: 0
      m_TileColorIndex: 3
      m_TileObjectToInstantiateIndex: 65535
      dummyAlignment: 0
      m_AllTileFlags: 1073741825
  - first: {x: -3, y: 3, z: 0}
    second:
      serializedVersion: 2
      m_TileIndex: 4
      m_TileSpriteIndex: 5
      m_TileMatrixIndex: 0
      m_TileColorIndex: 3
      m_TileObjectToInstantiateIndex: 65535
      dummyAlignment: 0
      m_AllTileFlags: 1073741825
  - first: {x: -2, y: 3, z: 0}
    second:
      serializedVersion: 2
      m_TileIndex: 4
      m_TileSpriteIndex: 5
      m_TileMatrixIndex: 0
      m_TileColorIndex: 3
      m_TileObjectToInstantiateIndex: 65535
      dummyAlignment: 0
      m_AllTileFlags: 1073741825
  - first: {x: -1, y: 3, z: 0}
    second:
      serializedVersion: 2
      m_TileIndex: 7
      m_TileSpriteIndex: 7
      m_TileMatrixIndex: 0
      m_TileColorIndex: 3
      m_TileObjectToInstantiateIndex: 65535
      dummyAlignment: 0
      m_AllTileFlags: 1073741825
  - first: {x: 0, y: 3, z: 0}
    second:
      serializedVersion: 2
      m_TileIndex: 7
      m_TileSpriteIndex: 7
      m_TileMatrixIndex: 0
      m_TileColorIndex: 3
      m_TileObjectToInstantiateIndex: 65535
      dummyAlignment: 0
      m_AllTileFlags: 1073741825
  - first: {x: 1, y: 3, z: 0}
    second:
      serializedVersion: 2
      m_TileIndex: 4
      m_TileSpriteIndex: 5
      m_TileMatrixIndex: 0
      m_TileColorIndex: 3
      m_TileObjectToInstantiateIndex: 65535
      dummyAlignment: 0
      m_AllTileFlags: 1073741825
  - first: {x: 2, y: 3, z: 0}
    second:
      serializedVersion: 2
      m_TileIndex: 4
      m_TileSpriteIndex: 5
      m_TileMatrixIndex: 0
      m_TileColorIndex: 3
      m_TileObjectToInstantiateIndex: 65535
      dummyAlignment: 0
      m_AllTileFlags: 1073741825
  - first: {x: 3, y: 3, z: 0}
    second:
      serializedVersion: 2
      m_TileIndex: 4
      m_TileSpriteIndex: 5
      m_TileMatrixIndex: 0
      m_TileColorIndex: 3
      m_TileObjectToInstantiateIndex: 65535
      dummyAlignment: 0
      m_AllTileFlags: 1073741825
  - first: {x: 4, y: 3, z: 0}
    second:
      serializedVersion: 2
      m_TileIndex: 4
      m_TileSpriteIndex: 5
      m_TileMatrixIndex: 0
      m_TileColorIndex: 3
      m_TileObjectToInstantiateIndex: 65535
      dummyAlignment: 0
      m_AllTileFlags: 1073741825
  - first: {x: 5, y: 3, z: 0}
    second:
      serializedVersion: 2
      m_TileIndex: 4
      m_TileSpriteIndex: 5
      m_TileMatrixIndex: 0
      m_TileColorIndex: 3
      m_TileObjectToInstantiateIndex: 65535
      dummyAlignment: 0
      m_AllTileFlags: 1073741825
  - first: {x: 6, y: 3, z: 0}
    second:
      serializedVersion: 2
      m_TileIndex: 4
      m_TileSpriteIndex: 5
      m_TileMatrixIndex: 0
      m_TileColorIndex: 3
      m_TileObjectToInstantiateIndex: 65535
      dummyAlignment: 0
      m_AllTileFlags: 1073741825
  m_AnimatedTiles: {}
  m_TileAssetArray:
  - m_RefCount: 0
    m_Data: {fileID: 0}
  - m_RefCount: 0
    m_Data: {fileID: 0}
  - m_RefCount: 0
    m_Data: {fileID: 0}
  - m_RefCount: 0
    m_Data: {fileID: 0}
  - m_RefCount: 72
    m_Data: {fileID: 11400000, guid: a394710f9a99c644abad789871e88ca8, type: 2}
  - m_RefCount: 0
    m_Data: {fileID: 0}
  - m_RefCount: 0
    m_Data: {fileID: 0}
  - m_RefCount: 40
    m_Data: {fileID: 11400000, guid: aafdfa52d1b3c874eb4587b27ca7c75d, type: 2}
  m_TileSpriteArray:
  - m_RefCount: 0
    m_Data: {fileID: 0}
  - m_RefCount: 0
    m_Data: {fileID: 0}
  - m_RefCount: 0
    m_Data: {fileID: 0}
  - m_RefCount: 0
    m_Data: {fileID: 0}
  - m_RefCount: 0
    m_Data: {fileID: 0}
  - m_RefCount: 72
    m_Data: {fileID: 7260710018937200186, guid: 7c14a2732adb884418938cd57b45b911,
      type: 3}
  - m_RefCount: 0
    m_Data: {fileID: 0}
  - m_RefCount: 40
    m_Data: {fileID: -5833347880598104179, guid: 7c14a2732adb884418938cd57b45b911,
      type: 3}
  m_TileMatrixArray:
  - m_RefCount: 112
    m_Data:
      e00: 1
      e01: 0
      e02: 0
      e03: 0
      e10: 0
      e11: 1
      e12: 0
      e13: 0
      e20: 0
      e21: 0
      e22: 1
      e23: 0
      e30: 0
      e31: 0
      e32: 0
      e33: 1
  m_TileColorArray:
  - m_RefCount: 0
    m_Data: {r: 6.4351044, g: 6.4351044, b: 6.4351044, a: 6.4351044}
  - m_RefCount: 0
    m_Data: {r: 4.649048, g: 4.649048, b: 4.649048, a: 4.649048}
  - m_RefCount: 0
    m_Data: {r: 4.6491394, g: 4.6491394, b: 4.6491394, a: 4.6491394}
  - m_RefCount: 112
    m_Data: {r: 1, g: 1, b: 1, a: 1}
  m_TileObjectToInstantiateArray: []
  m_AnimationFrameRate: 1
  m_Color: {r: 1, g: 1, b: 1, a: 1}
  m_Origin: {x: -16, y: -12, z: 0}
  m_Size: {x: 38, y: 21, z: 1}
  m_TileAnchor: {x: 0.5, y: 0.5, z: 0}
  m_TileOrientation: 0
  m_TileOrientationMatrix:
    e00: 1
    e01: 0
    e02: 0
    e03: 0
    e10: 0
    e11: 1
    e12: 0
    e13: 0
    e20: 0
    e21: 0
    e22: 1
    e23: 0
    e30: 0
    e31: 0
    e32: 0
    e33: 1
--- !u!483693784 &1932288272940717025
TilemapRenderer:
  m_ObjectHideFlags: 0
  m_CorrespondingSourceObject: {fileID: 0}
  m_PrefabInstance: {fileID: 0}
  m_PrefabAsset: {fileID: 0}
  m_GameObject: {fileID: 7564460367921521072}
  m_Enabled: 1
  m_CastShadows: 0
  m_ReceiveShadows: 0
  m_DynamicOccludee: 1
  m_MotionVectors: 1
  m_LightProbeUsage: 0
  m_ReflectionProbeUsage: 0
  m_RayTracingMode: 0
  m_RenderingLayerMask: 1
  m_RendererPriority: 0
  m_Materials:
  - {fileID: 10754, guid: 0000000000000000f000000000000000, type: 0}
  m_StaticBatchInfo:
    firstSubMesh: 0
    subMeshCount: 0
  m_StaticBatchRoot: {fileID: 0}
  m_ProbeAnchor: {fileID: 0}
  m_LightProbeVolumeOverride: {fileID: 0}
  m_ScaleInLightmap: 1
  m_ReceiveGI: 1
  m_PreserveUVs: 0
  m_IgnoreNormalsForChartDetection: 0
  m_ImportantGI: 0
  m_StitchLightmapSeams: 1
  m_SelectedEditorRenderState: 0
  m_MinimumChartSize: 4
  m_AutoUVMaxDistance: 0.5
  m_AutoUVMaxAngle: 89
  m_LightmapParameters: {fileID: 0}
  m_SortingLayerID: 0
  m_SortingLayer: 0
  m_SortingOrder: 0
  m_ChunkSize: {x: 32, y: 32, z: 32}
  m_ChunkCullingBounds: {x: 0, y: 0, z: 0}
  m_MaxChunkCount: 16
  m_MaxFrameAge: 16
  m_SortOrder: 0
  m_Mode: 1
  m_DetectChunkCullingBounds: 0
  m_MaskInteraction: 0
--- !u!1 &7934722483642264256
GameObject:
  m_ObjectHideFlags: 0
  m_CorrespondingSourceObject: {fileID: 0}
  m_PrefabInstance: {fileID: 0}
  m_PrefabAsset: {fileID: 0}
  serializedVersion: 6
  m_Component:
  - component: {fileID: 2368960972000896383}
  - component: {fileID: 4868494991193657747}
  m_Layer: 0
  m_Name: Grid
  m_TagString: Untagged
  m_Icon: {fileID: 0}
  m_NavMeshLayer: 0
  m_StaticEditorFlags: 0
  m_IsActive: 1
--- !u!4 &2368960972000896383
Transform:
  m_ObjectHideFlags: 0
  m_CorrespondingSourceObject: {fileID: 0}
  m_PrefabInstance: {fileID: 0}
  m_PrefabAsset: {fileID: 0}
  m_GameObject: {fileID: 7934722483642264256}
  m_LocalRotation: {x: -0, y: -0, z: -0, w: 1}
  m_LocalPosition: {x: 0, y: 0, z: 0}
  m_LocalScale: {x: 2, y: 2, z: 1}
  m_Children:
  - {fileID: 4599452482382258340}
  m_Father: {fileID: 971251842940069439}
  m_RootOrder: 0
  m_LocalEulerAnglesHint: {x: 0, y: 0, z: 0}
--- !u!156049354 &4868494991193657747
Grid:
  m_ObjectHideFlags: 0
  m_CorrespondingSourceObject: {fileID: 0}
  m_PrefabInstance: {fileID: 0}
  m_PrefabAsset: {fileID: 0}
  m_GameObject: {fileID: 7934722483642264256}
  m_Enabled: 1
  m_CellSize: {x: 0.64, y: 0.64, z: 0}
  m_CellGap: {x: 0, y: 0, z: 0}
  m_CellLayout: 0
  m_CellSwizzle: 0
--- !u!1 &7968368851899913191
GameObject:
  m_ObjectHideFlags: 0
  m_CorrespondingSourceObject: {fileID: 0}
  m_PrefabInstance: {fileID: 0}
  m_PrefabAsset: {fileID: 0}
  serializedVersion: 6
  m_Component:
  - component: {fileID: 6132626251146500091}
  m_Layer: 0
  m_Name: RightSpawnPoint
  m_TagString: Untagged
  m_Icon: {fileID: 0}
  m_NavMeshLayer: 0
  m_StaticEditorFlags: 0
  m_IsActive: 1
--- !u!4 &6132626251146500091
Transform:
  m_ObjectHideFlags: 0
  m_CorrespondingSourceObject: {fileID: 0}
  m_PrefabInstance: {fileID: 0}
  m_PrefabAsset: {fileID: 0}
  m_GameObject: {fileID: 7968368851899913191}
  m_LocalRotation: {x: -0, y: -0, z: -0, w: 1}
  m_LocalPosition: {x: 17.94, y: 0, z: 0}
  m_LocalScale: {x: 1, y: 1, z: 1}
  m_Children: []
  m_Father: {fileID: 607525736030718589}
  m_RootOrder: 1
  m_LocalEulerAnglesHint: {x: 0, y: 0, z: 0}
--- !u!1 &7971371060884296345
GameObject:
  m_ObjectHideFlags: 0
  m_CorrespondingSourceObject: {fileID: 0}
  m_PrefabInstance: {fileID: 0}
  m_PrefabAsset: {fileID: 0}
  serializedVersion: 6
  m_Component:
  - component: {fileID: 2388540500220398977}
  m_Layer: 0
  m_Name: Point 2
  m_TagString: Untagged
  m_Icon: {fileID: 0}
  m_NavMeshLayer: 0
  m_StaticEditorFlags: 0
  m_IsActive: 1
--- !u!4 &2388540500220398977
Transform:
  m_ObjectHideFlags: 0
  m_CorrespondingSourceObject: {fileID: 0}
  m_PrefabInstance: {fileID: 0}
  m_PrefabAsset: {fileID: 0}
  m_GameObject: {fileID: 7971371060884296345}
  m_LocalRotation: {x: -0, y: -0, z: -0, w: 1}
  m_LocalPosition: {x: 1, y: 1, z: 0}
  m_LocalScale: {x: 1, y: 1, z: 1}
  m_Children: []
  m_Father: {fileID: 6345390478530894358}
  m_RootOrder: 1
  m_LocalEulerAnglesHint: {x: 0, y: 0, z: 0}
--- !u!1 &8262221066294926405
GameObject:
  m_ObjectHideFlags: 0
  m_CorrespondingSourceObject: {fileID: 0}
  m_PrefabInstance: {fileID: 0}
  m_PrefabAsset: {fileID: 0}
  serializedVersion: 6
  m_Component:
  - component: {fileID: 1084468585770717178}
  m_Layer: 0
  m_Name: Point 2
  m_TagString: Untagged
  m_Icon: {fileID: 0}
  m_NavMeshLayer: 0
  m_StaticEditorFlags: 0
  m_IsActive: 1
--- !u!4 &1084468585770717178
Transform:
  m_ObjectHideFlags: 0
  m_CorrespondingSourceObject: {fileID: 0}
  m_PrefabInstance: {fileID: 0}
  m_PrefabAsset: {fileID: 0}
  m_GameObject: {fileID: 8262221066294926405}
  m_LocalRotation: {x: 0, y: 0, z: 0, w: 1}
  m_LocalPosition: {x: -0.45, y: -0.5, z: 0}
  m_LocalScale: {x: 1, y: 1, z: 1}
  m_Children: []
  m_Father: {fileID: 2954570868270634583}
  m_RootOrder: 1
  m_LocalEulerAnglesHint: {x: 0, y: 0, z: 0}
--- !u!1 &8425879151328173680
GameObject:
  m_ObjectHideFlags: 0
  m_CorrespondingSourceObject: {fileID: 0}
  m_PrefabInstance: {fileID: 0}
  m_PrefabAsset: {fileID: 0}
  serializedVersion: 6
  m_Component:
  - component: {fileID: 4066981106152605071}
  - component: {fileID: 3314562873458069518}
  - component: {fileID: 9001173373958830737}
  - component: {fileID: 2026636426100889213}
  m_Layer: 0
  m_Name: Canvas
  m_TagString: Untagged
  m_Icon: {fileID: 0}
  m_NavMeshLayer: 0
  m_StaticEditorFlags: 0
  m_IsActive: 1
--- !u!224 &4066981106152605071
RectTransform:
  m_ObjectHideFlags: 0
  m_CorrespondingSourceObject: {fileID: 0}
  m_PrefabInstance: {fileID: 0}
  m_PrefabAsset: {fileID: 0}
  m_GameObject: {fileID: 8425879151328173680}
  m_LocalRotation: {x: -0, y: -0, z: -0, w: 1}
  m_LocalPosition: {x: 0, y: 0, z: 0}
  m_LocalScale: {x: 1, y: 1, z: 1}
  m_Children:
  - {fileID: 6563276354946788275}
  m_Father: {fileID: 7212314758168866903}
  m_RootOrder: 0
  m_LocalEulerAnglesHint: {x: 0, y: 0, z: 0}
  m_AnchorMin: {x: 0, y: 0}
  m_AnchorMax: {x: 1, y: 1}
  m_AnchoredPosition: {x: 0, y: 0}
  m_SizeDelta: {x: 0, y: 0}
  m_Pivot: {x: 0.5, y: 0.5}
--- !u!223 &3314562873458069518
Canvas:
  m_ObjectHideFlags: 0
  m_CorrespondingSourceObject: {fileID: 0}
  m_PrefabInstance: {fileID: 0}
  m_PrefabAsset: {fileID: 0}
  m_GameObject: {fileID: 8425879151328173680}
  m_Enabled: 1
  serializedVersion: 3
  m_RenderMode: 2
  m_Camera: {fileID: 0}
  m_PlaneDistance: 100
  m_PixelPerfect: 0
  m_ReceivesEvents: 1
  m_OverrideSorting: 0
  m_OverridePixelPerfect: 0
  m_SortingBucketNormalizedSize: 0
  m_AdditionalShaderChannelsFlag: 25
  m_SortingLayerID: 0
  m_SortingOrder: 0
  m_TargetDisplay: 0
--- !u!114 &9001173373958830737
MonoBehaviour:
  m_ObjectHideFlags: 0
  m_CorrespondingSourceObject: {fileID: 0}
  m_PrefabInstance: {fileID: 0}
  m_PrefabAsset: {fileID: 0}
  m_GameObject: {fileID: 8425879151328173680}
  m_Enabled: 1
  m_EditorHideFlags: 0
  m_Script: {fileID: 11500000, guid: 0cd44c1031e13a943bb63640046fad76, type: 3}
  m_Name: 
  m_EditorClassIdentifier: 
  m_UiScaleMode: 0
  m_ReferencePixelsPerUnit: 100
  m_ScaleFactor: 1
  m_ReferenceResolution: {x: 800, y: 600}
  m_ScreenMatchMode: 0
  m_MatchWidthOrHeight: 0
  m_PhysicalUnit: 3
  m_FallbackScreenDPI: 96
  m_DefaultSpriteDPI: 96
  m_DynamicPixelsPerUnit: 1
--- !u!114 &2026636426100889213
MonoBehaviour:
  m_ObjectHideFlags: 0
  m_CorrespondingSourceObject: {fileID: 0}
  m_PrefabInstance: {fileID: 0}
  m_PrefabAsset: {fileID: 0}
  m_GameObject: {fileID: 8425879151328173680}
  m_Enabled: 1
  m_EditorHideFlags: 0
  m_Script: {fileID: 11500000, guid: dc42784cf147c0c48a680349fa168899, type: 3}
  m_Name: 
  m_EditorClassIdentifier: 
  m_IgnoreReversedGraphics: 1
  m_BlockingObjects: 0
  m_BlockingMask:
    serializedVersion: 2
    m_Bits: 4294967295
--- !u!1 &8444256736158483793
GameObject:
  m_ObjectHideFlags: 0
  m_CorrespondingSourceObject: {fileID: 0}
  m_PrefabInstance: {fileID: 0}
  m_PrefabAsset: {fileID: 0}
  serializedVersion: 6
  m_Component:
  - component: {fileID: 7685073654185421154}
  m_Layer: 0
  m_Name: Point 1
  m_TagString: Untagged
  m_Icon: {fileID: 0}
  m_NavMeshLayer: 0
  m_StaticEditorFlags: 0
  m_IsActive: 1
--- !u!4 &7685073654185421154
Transform:
  m_ObjectHideFlags: 0
  m_CorrespondingSourceObject: {fileID: 0}
  m_PrefabInstance: {fileID: 0}
  m_PrefabAsset: {fileID: 0}
  m_GameObject: {fileID: 8444256736158483793}
  m_LocalRotation: {x: -0, y: -0, z: -0, w: 1}
  m_LocalPosition: {x: 0.6, y: 1.4, z: 0}
  m_LocalScale: {x: 1, y: 1, z: 1}
  m_Children: []
  m_Father: {fileID: 6345390478530894358}
  m_RootOrder: 0
  m_LocalEulerAnglesHint: {x: 0, y: 0, z: 0}
--- !u!1 &8831169107052186865
GameObject:
  m_ObjectHideFlags: 0
  m_CorrespondingSourceObject: {fileID: 0}
  m_PrefabInstance: {fileID: 0}
  m_PrefabAsset: {fileID: 0}
  serializedVersion: 6
  m_Component:
  - component: {fileID: 8831169107052186864}
  - component: {fileID: 8831169107052186869}
  - component: {fileID: 8831169107052186870}
  - component: {fileID: 8831169107052186871}
  m_Layer: 0
  m_Name: Canvas
  m_TagString: Untagged
  m_Icon: {fileID: 0}
  m_NavMeshLayer: 0
  m_StaticEditorFlags: 0
  m_IsActive: 1
--- !u!224 &8831169107052186864
RectTransform:
  m_ObjectHideFlags: 0
  m_CorrespondingSourceObject: {fileID: 0}
  m_PrefabInstance: {fileID: 0}
  m_PrefabAsset: {fileID: 0}
  m_GameObject: {fileID: 8831169107052186865}
  m_LocalRotation: {x: -0, y: -0, z: -0, w: 1}
  m_LocalPosition: {x: 0, y: 0, z: 0}
  m_LocalScale: {x: 1, y: 1, z: 1}
  m_Children:
  - {fileID: 4435545294143424768}
  m_Father: {fileID: 7360934080686237342}
  m_RootOrder: 0
  m_LocalEulerAnglesHint: {x: 0, y: 0, z: 0}
  m_AnchorMin: {x: 0, y: 0}
  m_AnchorMax: {x: 1, y: 1}
  m_AnchoredPosition: {x: 0, y: 0}
  m_SizeDelta: {x: 0, y: 0}
  m_Pivot: {x: 0.5, y: 0.5}
--- !u!223 &8831169107052186869
Canvas:
  m_ObjectHideFlags: 0
  m_CorrespondingSourceObject: {fileID: 0}
  m_PrefabInstance: {fileID: 0}
  m_PrefabAsset: {fileID: 0}
  m_GameObject: {fileID: 8831169107052186865}
  m_Enabled: 1
  serializedVersion: 3
  m_RenderMode: 2
  m_Camera: {fileID: 0}
  m_PlaneDistance: 100
  m_PixelPerfect: 0
  m_ReceivesEvents: 1
  m_OverrideSorting: 0
  m_OverridePixelPerfect: 0
  m_SortingBucketNormalizedSize: 0
  m_AdditionalShaderChannelsFlag: 25
  m_SortingLayerID: 0
  m_SortingOrder: 0
  m_TargetDisplay: 0
--- !u!114 &8831169107052186870
MonoBehaviour:
  m_ObjectHideFlags: 0
  m_CorrespondingSourceObject: {fileID: 0}
  m_PrefabInstance: {fileID: 0}
  m_PrefabAsset: {fileID: 0}
  m_GameObject: {fileID: 8831169107052186865}
  m_Enabled: 1
  m_EditorHideFlags: 0
  m_Script: {fileID: 11500000, guid: 0cd44c1031e13a943bb63640046fad76, type: 3}
  m_Name: 
  m_EditorClassIdentifier: 
  m_UiScaleMode: 0
  m_ReferencePixelsPerUnit: 100
  m_ScaleFactor: 1
  m_ReferenceResolution: {x: 800, y: 600}
  m_ScreenMatchMode: 0
  m_MatchWidthOrHeight: 0
  m_PhysicalUnit: 3
  m_FallbackScreenDPI: 96
  m_DefaultSpriteDPI: 96
  m_DynamicPixelsPerUnit: 1
--- !u!114 &8831169107052186871
MonoBehaviour:
  m_ObjectHideFlags: 0
  m_CorrespondingSourceObject: {fileID: 0}
  m_PrefabInstance: {fileID: 0}
  m_PrefabAsset: {fileID: 0}
  m_GameObject: {fileID: 8831169107052186865}
  m_Enabled: 1
  m_EditorHideFlags: 0
  m_Script: {fileID: 11500000, guid: dc42784cf147c0c48a680349fa168899, type: 3}
  m_Name: 
  m_EditorClassIdentifier: 
  m_IgnoreReversedGraphics: 1
  m_BlockingObjects: 0
  m_BlockingMask:
    serializedVersion: 2
    m_Bits: 4294967295
--- !u!1 &9029925561620493468
GameObject:
  m_ObjectHideFlags: 0
  m_CorrespondingSourceObject: {fileID: 0}
  m_PrefabInstance: {fileID: 0}
  m_PrefabAsset: {fileID: 0}
  serializedVersion: 6
  m_Component:
  - component: {fileID: 7533175508385056239}
  - component: {fileID: 2861308006375446278}
  - component: {fileID: 7061354666349461701}
  - component: {fileID: 303112318618435051}
  m_Layer: 0
  m_Name: Canvas
  m_TagString: Untagged
  m_Icon: {fileID: 0}
  m_NavMeshLayer: 0
  m_StaticEditorFlags: 0
  m_IsActive: 1
--- !u!224 &7533175508385056239
RectTransform:
  m_ObjectHideFlags: 0
  m_CorrespondingSourceObject: {fileID: 0}
  m_PrefabInstance: {fileID: 0}
  m_PrefabAsset: {fileID: 0}
  m_GameObject: {fileID: 9029925561620493468}
  m_LocalRotation: {x: -0, y: -0, z: -0, w: 1}
  m_LocalPosition: {x: 0, y: 0, z: 0}
  m_LocalScale: {x: 1, y: 1, z: 1}
  m_Children:
  - {fileID: 8555824969298836195}
  m_Father: {fileID: 8126198980676585498}
  m_RootOrder: 0
  m_LocalEulerAnglesHint: {x: 0, y: 0, z: 0}
  m_AnchorMin: {x: 0, y: 0}
  m_AnchorMax: {x: 1, y: 1}
  m_AnchoredPosition: {x: 0, y: 0}
  m_SizeDelta: {x: 0, y: 0}
  m_Pivot: {x: 0.5, y: 0.5}
--- !u!223 &2861308006375446278
Canvas:
  m_ObjectHideFlags: 0
  m_CorrespondingSourceObject: {fileID: 0}
  m_PrefabInstance: {fileID: 0}
  m_PrefabAsset: {fileID: 0}
  m_GameObject: {fileID: 9029925561620493468}
  m_Enabled: 1
  serializedVersion: 3
  m_RenderMode: 2
  m_Camera: {fileID: 0}
  m_PlaneDistance: 100
  m_PixelPerfect: 0
  m_ReceivesEvents: 1
  m_OverrideSorting: 0
  m_OverridePixelPerfect: 0
  m_SortingBucketNormalizedSize: 0
  m_AdditionalShaderChannelsFlag: 25
  m_SortingLayerID: 0
  m_SortingOrder: 0
  m_TargetDisplay: 0
--- !u!114 &7061354666349461701
MonoBehaviour:
  m_ObjectHideFlags: 0
  m_CorrespondingSourceObject: {fileID: 0}
  m_PrefabInstance: {fileID: 0}
  m_PrefabAsset: {fileID: 0}
  m_GameObject: {fileID: 9029925561620493468}
  m_Enabled: 1
  m_EditorHideFlags: 0
  m_Script: {fileID: 11500000, guid: 0cd44c1031e13a943bb63640046fad76, type: 3}
  m_Name: 
  m_EditorClassIdentifier: 
  m_UiScaleMode: 0
  m_ReferencePixelsPerUnit: 100
  m_ScaleFactor: 1
  m_ReferenceResolution: {x: 800, y: 600}
  m_ScreenMatchMode: 0
  m_MatchWidthOrHeight: 0
  m_PhysicalUnit: 3
  m_FallbackScreenDPI: 96
  m_DefaultSpriteDPI: 96
  m_DynamicPixelsPerUnit: 1
--- !u!114 &303112318618435051
MonoBehaviour:
  m_ObjectHideFlags: 0
  m_CorrespondingSourceObject: {fileID: 0}
  m_PrefabInstance: {fileID: 0}
  m_PrefabAsset: {fileID: 0}
  m_GameObject: {fileID: 9029925561620493468}
  m_Enabled: 1
  m_EditorHideFlags: 0
  m_Script: {fileID: 11500000, guid: dc42784cf147c0c48a680349fa168899, type: 3}
  m_Name: 
  m_EditorClassIdentifier: 
  m_IgnoreReversedGraphics: 1
  m_BlockingObjects: 0
  m_BlockingMask:
    serializedVersion: 2
    m_Bits: 4294967295
